code,request_id,last_qty,transact_time,original_request_id
SZ.000001,379586,100,2021-05-19 09:30:00.050,379551
SZ.000001,429438,5000,2021-05-19 09:30:00.500,429051
SZ.000001,430066,2600,2021-05-19 09:30:00.510,381917
SZ.000001,539074,2000,2021-05-19 09:30:02.750,514966
SZ.000001,539794,6000,2021-05-19 09:30:02.770,491142
SZ.000001,540571,500,2021-05-19 09:30:02.810,385648
SZ.000001,545164,200,2021-05-19 09:30:02.970,491660
SZ.000001,548599,400,2021-05-19 09:30:03.080,546493
SZ.000001,572698,2500,2021-05-19 09:30:03.930,572694
SZ.000001,577413,300,2021-05-19 09:30:04.130,520028
SZ.000001,592291,12000,2021-05-19 09:30:04.830,405416
SZ.000001,608231,100,2021-05-19 09:30:05.760,598928
SZ.000001,649048,300,2021-05-19 09:30:09.230,404015
SZ.000001,649095,300,2021-05-19 09:30:09.230,404694
SZ.000001,649102,300,2021-05-19 09:30:09.230,404742
SZ.000001,650159,400,2021-05-19 09:30:09.360,418756
SZ.000001,650737,400,2021-05-19 09:30:09.490,441123
SZ.000001,650912,400,2021-05-19 09:30:09.520,430513
SZ.000001,651571,300,2021-05-19 09:30:09.610,437552
SZ.000001,655561,4500,2021-05-19 09:30:10.070,641173
SZ.000001,657536,4500,2021-05-19 09:30:10.220,487281
SZ.000001,666819,300,2021-05-19 09:30:11.670,618535
SZ.000001,670424,1800,2021-05-19 09:30:12.240,649064
SZ.000001,672159,300,2021-05-19 09:30:12.520,646908
SZ.000001,672323,1600,2021-05-19 09:30:12.550,620267
SZ.000001,672324,100,2021-05-19 09:30:12.550,620264
SZ.000001,672333,100,2021-05-19 09:30:12.550,620233
SZ.000001,672334,1800,2021-05-19 09:30:12.550,620274
SZ.000001,672336,100,2021-05-19 09:30:12.550,620248
SZ.000001,672337,100,2021-05-19 09:30:12.550,620245
SZ.000001,672705,100,2021-05-19 09:30:12.600,650342
SZ.000001,683315,200,2021-05-19 09:30:14.010,676914
SZ.000001,688822,1100,2021-05-19 09:30:15.180,494152
SZ.000001,689851,7300,2021-05-19 09:30:15.310,546931
SZ.000001,691560,3000,2021-05-19 09:30:15.640,549430
SZ.000001,691597,200,2021-05-19 09:30:15.650,670432
SZ.000001,697498,100,2021-05-19 09:30:16.410,557660
SZ.000001,698996,4500,2021-05-19 09:30:16.670,682231
SZ.000001,700880,5500,2021-05-19 09:30:17.080,477754
SZ.000001,701793,100,2021-05-19 09:30:17.270,579514
SZ.000001,702732,200,2021-05-19 09:30:17.410,669475
SZ.000001,702776,600,2021-05-19 09:30:17.410,669488
SZ.000001,702783,200,2021-05-19 09:30:17.410,669440
SZ.000001,702800,200,2021-05-19 09:30:17.410,612579
SZ.000001,702850,700,2021-05-19 09:30:17.420,669640
SZ.000001,702900,200,2021-05-19 09:30:17.430,669441
SZ.000001,702909,100,2021-05-19 09:30:17.430,591219
SZ.000001,706393,800,2021-05-19 09:30:18.260,460510
SZ.000001,706397,100,2021-05-19 09:30:18.260,460494
SZ.000001,706411,400,2021-05-19 09:30:18.270,461134
SZ.000001,706416,400,2021-05-19 09:30:18.270,606988
SZ.000001,706431,200,2021-05-19 09:30:18.270,625409
SZ.000001,706634,100,2021-05-19 09:30:18.290,600580
SZ.000001,706684,100,2021-05-19 09:30:18.290,684914
SZ.000001,706801,400,2021-05-19 09:30:18.290,678812
SZ.000001,707035,100,2021-05-19 09:30:18.340,603621
SZ.000001,707787,100,2021-05-19 09:30:18.510,691004
SZ.000001,707836,100,2021-05-19 09:30:18.520,690974
SZ.000001,710634,500,2021-05-19 09:30:18.970,679383
SZ.000001,710688,200,2021-05-19 09:30:18.980,679306
SZ.000001,712266,8700,2021-05-19 09:30:19.150,530054
SZ.000001,714260,100,2021-05-19 09:30:19.390,615118
SZ.000001,715031,100,2021-05-19 09:30:19.500,619460
SZ.000001,715525,1700,2021-05-19 09:30:19.590,648610
SZ.000001,715932,2000,2021-05-19 09:30:19.690,664876
SZ.000001,716346,200,2021-05-19 09:30:19.810,684333
SZ.000001,716390,500,2021-05-19 09:30:19.820,684446
SZ.000001,718966,100,2021-05-19 09:30:20.300,630509
SZ.000001,719140,100,2021-05-19 09:30:20.330,631698
SZ.000001,719849,13000,2021-05-19 09:30:20.460,392056
SZ.000001,721107,300,2021-05-19 09:30:20.780,667349
SZ.000001,721840,3200,2021-05-19 09:30:20.980,426763
SZ.000001,722853,300,2021-05-19 09:30:21.190,531550
SZ.000001,724001,100,2021-05-19 09:30:21.360,645693
SZ.000001,724012,100,2021-05-19 09:30:21.360,645694
SZ.000001,724471,100,2021-05-19 09:30:21.480,646449
SZ.000001,724481,100,2021-05-19 09:30:21.480,646252
SZ.000001,726412,300,2021-05-19 09:30:21.810,623712
SZ.000001,730076,100,2021-05-19 09:30:22.300,649760
SZ.000001,730220,100,2021-05-19 09:30:22.320,649536
SZ.000001,730646,100,2021-05-19 09:30:22.370,650047
SZ.000001,731101,100,2021-05-19 09:30:22.410,651075
SZ.000001,731139,100,2021-05-19 09:30:22.420,650750
SZ.000001,731420,1100,2021-05-19 09:30:22.470,577125
SZ.000001,735523,100,2021-05-19 09:30:23.410,662821
SZ.000001,735544,100,2021-05-19 09:30:23.410,661835
SZ.000001,735562,100,2021-05-19 09:30:23.420,662027
SZ.000001,735851,800,2021-05-19 09:30:23.490,680944
SZ.000001,735954,100,2021-05-19 09:30:23.510,665748
SZ.000001,736639,12000,2021-05-19 09:30:23.720,562949
SZ.000001,737541,500,2021-05-19 09:30:24.000,555381
SZ.000001,737992,500,2021-05-19 09:30:24.090,443888
SZ.000001,744212,100,2021-05-19 09:30:25.220,525955
SZ.000001,745935,300,2021-05-19 09:30:25.430,697668
SZ.000001,746187,300,2021-05-19 09:30:25.480,698024
SZ.000001,747720,100,2021-05-19 09:30:25.850,592968
SZ.000001,750632,100,2021-05-19 09:30:26.600,678919
SZ.000001,751048,1200,2021-05-19 09:30:26.730,739390
SZ.000001,751352,10000,2021-05-19 09:30:26.850,388570
SZ.000001,753168,100,2021-05-19 09:30:27.360,684697
SZ.000001,755212,10100,2021-05-19 09:30:27.780,548143
SZ.000001,757051,600,2021-05-19 09:30:28.080,656860
SZ.000001,758587,100,2021-05-19 09:30:28.320,689356
SZ.000001,759171,600,2021-05-19 09:30:28.400,680288
SZ.000001,759211,200,2021-05-19 09:30:28.410,683285
SZ.000001,760068,200,2021-05-19 09:30:28.600,683284
SZ.000001,760651,1000,2021-05-19 09:30:28.760,403978
SZ.000001,761394,200,2021-05-19 09:30:28.980,683403
SZ.000001,764672,100,2021-05-19 09:30:29.790,705902
SZ.000001,765540,100,2021-05-19 09:30:29.930,683587
SZ.000001,768190,600,2021-05-19 09:30:30.540,626455
SZ.000001,768247,1600,2021-05-19 09:30:30.550,625701
SZ.000001,768299,100,2021-05-19 09:30:30.560,683390
SZ.000001,768391,1100,2021-05-19 09:30:30.580,630154
SZ.000001,770682,400,2021-05-19 09:30:30.950,557667
SZ.000001,773311,100,2021-05-19 09:30:31.340,709872
SZ.000001,773319,100,2021-05-19 09:30:31.350,709910
SZ.000001,773492,100,2021-05-19 09:30:31.370,709575
SZ.000001,773575,100,2021-05-19 09:30:31.380,709629
SZ.000001,773788,100,2021-05-19 09:30:31.390,709857
SZ.000001,773897,100,2021-05-19 09:30:31.410,710204
SZ.000001,774035,100,2021-05-19 09:30:31.430,709668
SZ.000001,774564,100,2021-05-19 09:30:31.540,714077
SZ.000001,775010,100,2021-05-19 09:30:31.640,712477
SZ.000001,779419,300,2021-05-19 09:30:32.770,736774
SZ.000001,780186,1200,2021-05-19 09:30:32.980,768214
SZ.000001,781572,100,2021-05-19 09:30:33.290,719686
SZ.000001,781607,100,2021-05-19 09:30:33.290,720056
SZ.000001,782626,1000,2021-05-19 09:30:33.540,516558
SZ.000001,783127,4400,2021-05-19 09:30:33.660,636017
SZ.000001,788421,300,2021-05-19 09:30:34.500,765219
SZ.000001,790256,200,2021-05-19 09:30:34.910,529422
SZ.000001,790551,200,2021-05-19 09:30:34.980,683283
SZ.000001,791067,200,2021-05-19 09:30:35.100,683389
SZ.000001,791779,200,2021-05-19 09:30:35.290,683342
SZ.000001,796177,200,2021-05-19 09:30:36.360,760978
SZ.000001,810065,100,2021-05-19 09:30:39.350,751055
SZ.000001,810090,100,2021-05-19 09:30:39.350,751209
SZ.000001,810158,100,2021-05-19 09:30:39.380,750992
SZ.000001,810160,100,2021-05-19 09:30:39.380,751110
SZ.000001,810175,3000,2021-05-19 09:30:39.380,537043
SZ.000001,810265,100,2021-05-19 09:30:39.400,751332
SZ.000001,815524,1000,2021-05-19 09:30:40.380,550183
SZ.000001,821550,100,2021-05-19 09:30:41.870,652321
SZ.000001,823197,900,2021-05-19 09:30:42.220,664097
SZ.000001,824428,100,2021-05-19 09:30:42.510,810721
SZ.000001,824429,100,2021-05-19 09:30:42.510,810729
SZ.000001,824445,400,2021-05-19 09:30:42.510,814506
SZ.000001,824933,2500,2021-05-19 09:30:42.600,637261
SZ.000001,831394,400,2021-05-19 09:30:43.680,739215
SZ.000001,831411,1300,2021-05-19 09:30:43.680,489704
SZ.000001,832377,100,2021-05-19 09:30:43.900,432067
SZ.000001,832874,300,2021-05-19 09:30:44.020,382491
SZ.000001,834736,400,2021-05-19 09:30:44.450,815053
SZ.000001,834900,300,2021-05-19 09:30:44.490,815052
SZ.000001,834902,200,2021-05-19 09:30:44.490,814772
SZ.000001,834908,100,2021-05-19 09:30:44.490,815051
SZ.000001,838056,200,2021-05-19 09:30:45.200,837111
SZ.000001,838057,300,2021-05-19 09:30:45.200,837113
SZ.000001,838058,300,2021-05-19 09:30:45.200,837114
SZ.000001,840721,11400,2021-05-19 09:30:45.770,697629
SZ.000001,842713,2400,2021-05-19 09:30:46.090,695440
SZ.000001,844666,200,2021-05-19 09:30:46.370,535392
SZ.000001,844673,1000,2021-05-19 09:30:46.370,786121
SZ.000001,845532,2200,2021-05-19 09:30:46.510,554820
SZ.000001,848234,100,2021-05-19 09:30:47.120,783510
SZ.000001,857785,100,2021-05-19 09:30:49.130,433861
SZ.000001,858088,300,2021-05-19 09:30:49.180,657119
SZ.000001,858096,300,2021-05-19 09:30:49.190,657131
SZ.000001,858097,300,2021-05-19 09:30:49.190,657154
SZ.000001,860467,20000,2021-05-19 09:30:49.560,548468
SZ.000001,864170,500,2021-05-19 09:30:50.400,717063
SZ.000001,864383,1100,2021-05-19 09:30:50.450,507470
SZ.000001,867882,100,2021-05-19 09:30:51.290,806419
SZ.000001,868096,100,2021-05-19 09:30:51.320,806527
SZ.000001,868104,100,2021-05-19 09:30:51.330,806444
SZ.000001,868111,100,2021-05-19 09:30:51.330,806125
SZ.000001,868654,100,2021-05-19 09:30:51.450,807296
SZ.000001,868947,500,2021-05-19 09:30:51.510,472083
SZ.000001,869096,200,2021-05-19 09:30:51.540,864805
SZ.000001,869108,800,2021-05-19 09:30:51.550,864811
SZ.000001,869109,200,2021-05-19 09:30:51.550,864739
SZ.000001,869148,200,2021-05-19 09:30:51.550,864762
SZ.000001,869167,200,2021-05-19 09:30:51.560,864742
SZ.000001,870003,100,2021-05-19 09:30:51.700,807176
SZ.000001,870064,700,2021-05-19 09:30:51.710,792372
SZ.000001,886437,500,2021-05-19 09:30:55.150,866877
SZ.000001,886530,1100,2021-05-19 09:30:55.170,867014
SZ.000001,894064,1700,2021-05-19 09:30:56.820,867602
SZ.000001,894365,100,2021-05-19 09:30:56.900,835033
SZ.000001,895137,100,2021-05-19 09:30:57.060,834460
SZ.000001,895740,300,2021-05-19 09:30:57.200,861132
SZ.000001,897414,100,2021-05-19 09:30:57.660,836779
SZ.000001,898717,100,2021-05-19 09:30:57.910,445420
SZ.000001,899567,100,2021-05-19 09:30:58.080,838264
SZ.000001,899568,100,2021-05-19 09:30:58.080,838272
SZ.000001,900990,100,2021-05-19 09:30:58.340,836489
SZ.000001,901002,100,2021-05-19 09:30:58.340,835431
SZ.000001,902661,100,2021-05-19 09:30:58.700,839845
SZ.000001,904158,100,2021-05-19 09:30:59.070,843311
SZ.000001,904820,100,2021-05-19 09:30:59.280,845413
SZ.000001,904821,100,2021-05-19 09:30:59.280,845892
SZ.000001,904827,100,2021-05-19 09:30:59.280,845473
SZ.000001,904841,100,2021-05-19 09:30:59.280,845780
SZ.000001,904845,100,2021-05-19 09:30:59.280,845483
SZ.000001,904847,100,2021-05-19 09:30:59.280,845600
SZ.000001,904941,100,2021-05-19 09:30:59.310,845476
SZ.000001,904962,100,2021-05-19 09:30:59.320,846350
SZ.000001,905437,100,2021-05-19 09:30:59.460,845812
SZ.000001,905771,500,2021-05-19 09:30:59.540,864697
SZ.000001,905772,400,2021-05-19 09:30:59.540,864698
SZ.000001,905813,100,2021-05-19 09:30:59.540,846363
SZ.000001,906116,100,2021-05-19 09:30:59.640,847043
SZ.000001,906157,100,2021-05-19 09:30:59.660,846956
SZ.000001,906335,1000,2021-05-19 09:30:59.700,558226
SZ.000001,909400,700,2021-05-19 09:31:00.350,864501
SZ.000001,911242,100,2021-05-19 09:31:00.660,849978
SZ.000001,915201,200,2021-05-19 09:31:01.110,873301
SZ.000001,916243,600,2021-05-19 09:31:01.220,398434
SZ.000001,917069,1600,2021-05-19 09:31:01.300,898055
SZ.000001,918000,300,2021-05-19 09:31:01.400,646909
SZ.000001,918416,100,2021-05-19 09:31:01.480,445407
SZ.000001,923149,600,2021-05-19 09:31:02.340,864139
SZ.000001,924661,1200,2021-05-19 09:31:02.600,595649
SZ.000001,925403,300,2021-05-19 09:31:02.690,441268
SZ.000001,931612,1600,2021-05-19 09:31:03.840,868791
SZ.000001,936128,400,2021-05-19 09:31:04.380,887711
SZ.000001,944388,1000,2021-05-19 09:31:05.930,559897
SZ.000001,947007,100,2021-05-19 09:31:06.450,869985
SZ.000001,959464,1000,2021-05-19 09:31:08.280,588269
SZ.000001,960933,400,2021-05-19 09:31:08.630,879068
SZ.000001,963453,600,2021-05-19 09:31:09.100,888561
SZ.000001,964007,4800,2021-05-19 09:31:09.200,879640
SZ.000001,968819,200,2021-05-19 09:31:10.030,611993
SZ.000001,969751,1000,2021-05-19 09:31:10.120,382396
SZ.000001,982679,200,2021-05-19 09:31:12.520,946938
SZ.000001,983025,200,2021-05-19 09:31:12.580,944494
SZ.000001,987235,1000,2021-05-19 09:31:13.170,797512
SZ.000001,989898,100,2021-05-19 09:31:13.540,635143
SZ.000001,992008,2500,2021-05-19 09:31:13.950,992007
SZ.000001,992300,2500,2021-05-19 09:31:14.010,992299
SZ.000001,993327,2500,2021-05-19 09:31:14.200,993323
SZ.000001,998002,200,2021-05-19 09:31:15.260,890759
SZ.000001,1011298,100,2021-05-19 09:31:17.610,667639
SZ.000001,1023957,200,2021-05-19 09:31:19.850,874956
SZ.000001,1027319,100,2021-05-19 09:31:20.580,693743
SZ.000001,1027644,2500,2021-05-19 09:31:20.650,1027643
SZ.000001,1030672,100,2021-05-19 09:31:21.280,961268
SZ.000001,1031298,400,2021-05-19 09:31:21.430,982296
SZ.000001,1036106,1600,2021-05-19 09:31:22.120,1010936
SZ.000001,1045769,6100,2021-05-19 09:31:24.070,1032008
SZ.000001,1055581,200,2021-05-19 09:31:25.690,970225
SZ.000001,1056881,1000,2021-05-19 09:31:25.990,788050
SZ.000001,1058524,100,2021-05-19 09:31:26.340,992301
SZ.000001,1076370,100,2021-05-19 09:31:29.630,1064089
SZ.000001,1079016,1000,2021-05-19 09:31:30.250,994347
SZ.000001,1082477,100,2021-05-19 09:31:30.830,1033783
SZ.000001,1082482,100,2021-05-19 09:31:30.830,1033786
SZ.000001,1082483,100,2021-05-19 09:31:30.830,1033787
SZ.000001,1082485,100,2021-05-19 09:31:30.830,1033789
SZ.000001,1082674,100,2021-05-19 09:31:30.860,1034277
SZ.000001,1090136,400,2021-05-19 09:31:32.080,888769
SZ.000001,1094950,500,2021-05-19 09:31:33.200,729024
SZ.000001,1096469,300,2021-05-19 09:31:33.540,1080523
SZ.000001,1104075,200,2021-05-19 09:31:34.800,1092776
SZ.000001,1104108,100,2021-05-19 09:31:34.800,1092779
SZ.000001,1110264,900,2021-05-19 09:31:36.220,825020
SZ.000001,1111049,100,2021-05-19 09:31:36.420,869428
SZ.000001,1113340,100,2021-05-19 09:31:36.820,1065823
SZ.000001,1113350,100,2021-05-19 09:31:36.820,1065828
SZ.000001,1119869,6600,2021-05-19 09:31:37.900,424722
SZ.000001,1122397,300,2021-05-19 09:31:38.430,994722
SZ.000001,1124201,3000,2021-05-19 09:31:38.840,503295
SZ.000001,1125338,200,2021-05-19 09:31:39.160,512337
SZ.000001,1127579,1000,2021-05-19 09:31:39.660,996258
SZ.000001,1137421,7100,2021-05-19 09:31:41.560,1097305
SZ.000001,1138555,100,2021-05-19 09:31:41.830,1118974
SZ.000001,1140648,200,2021-05-19 09:31:42.310,1118924
SZ.000001,1165266,100,2021-05-19 09:31:46.980,819872
SZ.000001,1169744,200,2021-05-19 09:31:48.010,438241
SZ.000001,1179306,600,2021-05-19 09:31:49.830,1155689
SZ.000001,1179401,4600,2021-05-19 09:31:49.840,1179379
SZ.000001,1179405,1300,2021-05-19 09:31:49.840,1179380
SZ.000001,1179406,1500,2021-05-19 09:31:49.840,1179383
SZ.000001,1179407,4000,2021-05-19 09:31:49.840,1179385
SZ.000001,1179408,900,2021-05-19 09:31:49.840,1179384
SZ.000001,1179413,600,2021-05-19 09:31:49.840,1179395
SZ.000001,1179457,2600,2021-05-19 09:31:49.860,1179435
SZ.000001,1179907,300,2021-05-19 09:31:49.960,1179373
SZ.000001,1179908,1200,2021-05-19 09:31:49.960,1179370
SZ.000001,1179909,1800,2021-05-19 09:31:49.960,1179374
SZ.000001,1179919,133,2021-05-19 09:31:49.960,1179375
SZ.000001,1179920,4400,2021-05-19 09:31:49.960,1179382
SZ.000001,1179921,4600,2021-05-19 09:31:49.960,1179388
SZ.000001,1179922,1600,2021-05-19 09:31:49.960,1179389
SZ.000001,1180187,300,2021-05-19 09:31:50.040,1179372
SZ.000001,1180683,3400,2021-05-19 09:31:50.160,1179376
SZ.000001,1188445,1700,2021-05-19 09:31:51.890,1179378
SZ.000001,1188619,100,2021-05-19 09:31:51.920,1179390
SZ.000001,1188661,100,2021-05-19 09:31:51.930,1179386
SZ.000001,1188680,100,2021-05-19 09:31:51.930,1179396
SZ.000001,1188716,200,2021-05-19 09:31:51.940,1179525
SZ.000001,1188732,200,2021-05-19 09:31:51.940,1179434
SZ.000001,1188741,300,2021-05-19 09:31:51.950,1179391
SZ.000001,1188767,100,2021-05-19 09:31:51.950,1179507
SZ.000001,1188800,100,2021-05-19 09:31:51.960,1179529
SZ.000001,1188813,200,2021-05-19 09:31:51.960,1179523
SZ.000001,1188822,300,2021-05-19 09:31:51.960,1179526
SZ.000001,1188906,100,2021-05-19 09:31:51.980,1179527
SZ.000001,1188917,100,2021-05-19 09:31:51.990,1179522
SZ.000001,1188925,100,2021-05-19 09:31:51.990,1179656
SZ.000001,1188930,100,2021-05-19 09:31:51.990,1179521
SZ.000001,1188952,200,2021-05-19 09:31:51.990,1179506
SZ.000001,1189874,300,2021-05-19 09:31:52.140,1180219
SZ.000001,1191283,100,2021-05-19 09:31:52.400,957452
SZ.000001,1196564,2000,2021-05-19 09:31:53.670,592451
SZ.000001,1201762,1000,2021-05-19 09:31:54.870,1079131
SZ.000001,1202590,1300,2021-05-19 09:31:55.010,881756
SZ.000001,1214061,21000,2021-05-19 09:31:57.510,1179387
SZ.000001,1218512,100,2021-05-19 09:31:58.310,864582
SZ.000001,1222738,10000,2021-05-19 09:31:59.250,788950
SZ.000001,1225840,100,2021-05-19 09:32:00.000,852451
SZ.000001,1227373,100,2021-05-19 09:32:00.320,1165819
SZ.000001,1227445,100,2021-05-19 09:32:00.340,1165961
SZ.000001,1227448,100,2021-05-19 09:32:00.340,1166562
SZ.000001,1227520,100,2021-05-19 09:32:00.360,1165983
SZ.000001,1227546,100,2021-05-19 09:32:00.360,1166057
SZ.000001,1227556,100,2021-05-19 09:32:00.360,1166081
SZ.000001,1227618,100,2021-05-19 09:32:00.380,1166566
SZ.000001,1227620,100,2021-05-19 09:32:00.380,1166116
SZ.000001,1227836,100,2021-05-19 09:32:00.400,1166831
SZ.000001,1227927,100,2021-05-19 09:32:00.410,1166495
SZ.000001,1228033,100,2021-05-19 09:32:00.430,1166973
SZ.000001,1228034,100,2021-05-19 09:32:00.430,1167407
SZ.000001,1228072,100,2021-05-19 09:32:00.440,1167153
SZ.000001,1228161,100,2021-05-19 09:32:00.470,1167017
SZ.000001,1228255,100,2021-05-19 09:32:00.490,1166123
SZ.000001,1228301,100,2021-05-19 09:32:00.500,1167014
SZ.000001,1228432,100,2021-05-19 09:32:00.530,1166414
SZ.000001,1228652,100,2021-05-19 09:32:00.560,1168232
SZ.000001,1228842,100,2021-05-19 09:32:00.600,1166551
SZ.000001,1228843,100,2021-05-19 09:32:00.600,1166893
SZ.000001,1228910,100,2021-05-19 09:32:00.610,1166471
SZ.000001,1228911,100,2021-05-19 09:32:00.620,1166558
SZ.000001,1228976,100,2021-05-19 09:32:00.620,1166552
SZ.000001,1228982,100,2021-05-19 09:32:00.620,1166295
SZ.000001,1228984,100,2021-05-19 09:32:00.620,1166853
SZ.000001,1228987,100,2021-05-19 09:32:00.620,1166553
SZ.000001,1228993,100,2021-05-19 09:32:00.630,1166636
SZ.000001,1228997,100,2021-05-19 09:32:00.630,1166792
SZ.000001,1229191,100,2021-05-19 09:32:00.660,1168946
SZ.000001,1229420,100,2021-05-19 09:32:00.700,1166832
SZ.000001,1233139,100,2021-05-19 09:32:01.360,1167642
SZ.000001,1233143,100,2021-05-19 09:32:01.360,1172178
SZ.000001,1244121,400,2021-05-19 09:32:03.430,1244107
SZ.000001,1244125,100,2021-05-19 09:32:03.440,1244112
SZ.000001,1244192,200,2021-05-19 09:32:03.440,1244114
SZ.000001,1244512,1300,2021-05-19 09:32:03.480,1244281
SZ.000001,1244868,200,2021-05-19 09:32:03.530,1244108
SZ.000001,1244869,200,2021-05-19 09:32:03.530,1244111
SZ.000001,1250984,200,2021-05-19 09:32:04.480,1244189
SZ.000001,1253410,8300,2021-05-19 09:32:04.940,510624
SZ.000001,1256341,200,2021-05-19 09:32:05.490,1244787
SZ.000001,1256397,600,2021-05-19 09:32:05.490,1244098
SZ.000001,1256528,300,2021-05-19 09:32:05.520,1244115
SZ.000001,1256573,1000,2021-05-19 09:32:05.520,1244099
SZ.000001,1256659,1000,2021-05-19 09:32:05.530,1244142
SZ.000001,1256670,500,2021-05-19 09:32:05.540,1244339
SZ.000001,1256672,100,2021-05-19 09:32:05.540,1244350
SZ.000001,1256673,100,2021-05-19 09:32:05.540,1244352
SZ.000001,1256678,200,2021-05-19 09:32:05.540,1244096
SZ.000001,1256689,300,2021-05-19 09:32:05.540,1244335
SZ.000001,1256690,200,2021-05-19 09:32:05.540,1244345
SZ.000001,1256702,200,2021-05-19 09:32:05.550,1244278
SZ.000001,1256747,100,2021-05-19 09:32:05.550,1244337
SZ.000001,1256842,200,2021-05-19 09:32:05.580,1244448
SZ.000001,1256893,200,2021-05-19 09:32:05.590,1244508
SZ.000001,1256953,300,2021-05-19 09:32:05.600,1244486
SZ.000001,1257294,100,2021-05-19 09:32:05.670,1245346
SZ.000001,1260058,2000,2021-05-19 09:32:06.270,894411
SZ.000001,1261229,100,2021-05-19 09:32:06.520,1244840
SZ.000001,1261243,100,2021-05-19 09:32:06.520,1244836
SZ.000001,1261244,100,2021-05-19 09:32:06.520,1244838
SZ.000001,1261245,100,2021-05-19 09:32:06.520,1244837
SZ.000001,1261247,100,2021-05-19 09:32:06.520,1244839
SZ.000001,1261678,100,2021-05-19 09:32:06.610,1246965
SZ.000001,1272834,1800,2021-05-19 09:32:08.410,889609
SZ.000001,1273665,200,2021-05-19 09:32:08.620,1211753
SZ.000001,1277552,1100,2021-05-19 09:32:09.530,1253692
SZ.000001,1277617,1400,2021-05-19 09:32:09.530,1253610
SZ.000001,1277840,500,2021-05-19 09:32:09.570,638005
SZ.000001,1277865,200,2021-05-19 09:32:09.580,638234
SZ.000001,1282473,100,2021-05-19 09:32:10.440,1213918
SZ.000001,1282484,100,2021-05-19 09:32:10.440,1214348
SZ.000001,1282489,100,2021-05-19 09:32:10.450,1214340
SZ.000001,1282491,100,2021-05-19 09:32:10.450,1214758
SZ.000001,1282591,100,2021-05-19 09:32:10.460,1214551
SZ.000001,1282592,100,2021-05-19 09:32:10.460,1214563
SZ.000001,1282665,100,2021-05-19 09:32:10.470,1214018
SZ.000001,1282762,100,2021-05-19 09:32:10.490,1213659
SZ.000001,1282795,100,2021-05-19 09:32:10.490,1214308
SZ.000001,1282801,100,2021-05-19 09:32:10.500,1214296
SZ.000001,1282803,100,2021-05-19 09:32:10.500,1214301
SZ.000001,1282804,100,2021-05-19 09:32:10.500,1214307
SZ.000001,1282870,100,2021-05-19 09:32:10.500,1214635
SZ.000001,1282884,100,2021-05-19 09:32:10.510,1214463
SZ.000001,1282928,100,2021-05-19 09:32:10.520,1215101
SZ.000001,1283031,100,2021-05-19 09:32:10.540,1215860
SZ.000001,1283177,100,2021-05-19 09:32:10.570,1215206
SZ.000001,1283303,100,2021-05-19 09:32:10.590,1214746
SZ.000001,1283319,100,2021-05-19 09:32:10.600,1216134
SZ.000001,1283602,100,2021-05-19 09:32:10.660,1213667
SZ.000001,1283792,100,2021-05-19 09:32:10.710,1215455
SZ.000001,1284735,200,2021-05-19 09:32:10.950,1234632
SZ.000001,1287064,300,2021-05-19 09:32:11.470,1185185
SZ.000001,1287120,100,2021-05-19 09:32:11.480,1219823
SZ.000001,1287327,100,2021-05-19 09:32:11.510,1219684
SZ.000001,1287772,100,2021-05-19 09:32:11.600,1220545
SZ.000001,1288060,100,2021-05-19 09:32:11.680,1220813
SZ.000001,1291738,300,2021-05-19 09:32:12.600,724893
SZ.000001,1295110,100,2021-05-19 09:32:13.200,1256813
SZ.000001,1297220,100,2021-05-19 09:32:13.600,1210194
SZ.000001,1297852,1900,2021-05-19 09:32:13.780,1140783
SZ.000001,1303422,100,2021-05-19 09:32:15.160,1213411
SZ.000001,1304871,600,2021-05-19 09:32:15.560,1263567
SZ.000001,1305868,25600,2021-05-19 09:32:15.760,1270139
SZ.000001,1306555,300,2021-05-19 09:32:15.910,1236424
SZ.000001,1307325,4600,2021-05-19 09:32:16.050,1195210
SZ.000001,1309582,1500,2021-05-19 09:32:16.460,1250174
SZ.000001,1310007,4900,2021-05-19 09:32:16.540,1192229
SZ.000001,1310055,200,2021-05-19 09:32:16.550,1261352
SZ.000001,1310072,300,2021-05-19 09:32:16.560,1261430
SZ.000001,1310073,200,2021-05-19 09:32:16.560,1261422
SZ.000001,1310403,300,2021-05-19 09:32:16.650,1256249
SZ.000001,1310404,200,2021-05-19 09:32:16.650,1256247
SZ.000001,1310499,200,2021-05-19 09:32:16.660,1253759
SZ.000001,1311839,100,2021-05-19 09:32:16.990,1260749
SZ.000001,1311906,200,2021-05-19 09:32:17.010,1260834
SZ.000001,1312514,200,2021-05-19 09:32:17.140,1262848
SZ.000001,1312515,200,2021-05-19 09:32:17.140,1262874
SZ.000001,1317951,100,2021-05-19 09:32:18.460,501647
SZ.000001,1318182,600,2021-05-19 09:32:18.510,1261302
SZ.000001,1318183,600,2021-05-19 09:32:18.510,1261301
SZ.000001,1318189,200,2021-05-19 09:32:18.510,1261281
SZ.000001,1318190,400,2021-05-19 09:32:18.510,1261280
SZ.000001,1318191,400,2021-05-19 09:32:18.510,1261279
SZ.000001,1318192,200,2021-05-19 09:32:18.510,1261277
SZ.000001,1318193,600,2021-05-19 09:32:18.510,1261276
SZ.000001,1318194,500,2021-05-19 09:32:18.510,1261285
SZ.000001,1318195,400,2021-05-19 09:32:18.510,1261284
SZ.000001,1318218,200,2021-05-19 09:32:18.520,1277735
SZ.000001,1318240,200,2021-05-19 09:32:18.520,1261295
SZ.000001,1318241,200,2021-05-19 09:32:18.520,1261298
SZ.000001,1318242,200,2021-05-19 09:32:18.520,1261297
SZ.000001,1318243,200,2021-05-19 09:32:18.520,1261290
SZ.000001,1318244,200,2021-05-19 09:32:18.520,1261296
SZ.000001,1320702,2000,2021-05-19 09:32:19.000,1219266
SZ.000001,1325686,200,2021-05-19 09:32:20.010,479453
SZ.000001,1327740,400,2021-05-19 09:32:20.460,1286035
SZ.000001,1329687,200,2021-05-19 09:32:20.970,1256056
SZ.000001,1329689,200,2021-05-19 09:32:20.970,1254178
SZ.000001,1332121,400,2021-05-19 09:32:21.510,1277543
SZ.000001,1332122,200,2021-05-19 09:32:21.510,1277544
SZ.000001,1332124,500,2021-05-19 09:32:21.510,1277545
SZ.000001,1332128,200,2021-05-19 09:32:21.510,1261325
SZ.000001,1332133,200,2021-05-19 09:32:21.520,1277551
SZ.000001,1332243,200,2021-05-19 09:32:21.540,1277737
SZ.000001,1332254,200,2021-05-19 09:32:21.540,1261438
SZ.000001,1332827,200,2021-05-19 09:32:21.680,1280308
SZ.000001,1333749,5000,2021-05-19 09:32:21.870,447974
SZ.000001,1333843,3500,2021-05-19 09:32:21.880,1040310
SZ.000001,1338901,100,2021-05-19 09:32:22.980,1186317
SZ.000001,1339063,1000,2021-05-19 09:32:23.020,939413
SZ.000001,1340085,10900,2021-05-19 09:32:23.290,1185494
SZ.000001,1340213,300,2021-05-19 09:32:23.330,1289851
SZ.000001,1344714,4000,2021-05-19 09:32:24.510,549545
SZ.000001,1344968,200,2021-05-19 09:32:24.560,1261448
SZ.000001,1348666,200,2021-05-19 09:32:25.300,873746
SZ.000001,1348862,6000,2021-05-19 09:32:25.350,1202068
SZ.000001,1351086,700,2021-05-19 09:32:25.790,1335524
SZ.000001,1351087,600,2021-05-19 09:32:25.790,1335532
SZ.000001,1351088,500,2021-05-19 09:32:25.790,1335531
SZ.000001,1352205,100,2021-05-19 09:32:26.050,1253760
SZ.000001,1358990,200,2021-05-19 09:32:27.720,1264559
SZ.000001,1368552,100,2021-05-19 09:32:29.800,511527
SZ.000001,1368695,200,2021-05-19 09:32:29.830,1195953
SZ.000001,1369376,2200,2021-05-19 09:32:30.010,1249601
SZ.000001,1369605,600,2021-05-19 09:32:30.070,1206307
SZ.000001,1377163,1500,2021-05-19 09:32:31.640,1238450
SZ.000001,1387098,500,2021-05-19 09:32:34.110,1357072
SZ.000001,1392452,400,2021-05-19 09:32:35.250,1353046
SZ.000001,1392454,400,2021-05-19 09:32:35.250,1353052
SZ.000001,1392474,500,2021-05-19 09:32:35.250,1353061
SZ.000001,1392477,400,2021-05-19 09:32:35.250,1353060
SZ.000001,1397527,6300,2021-05-19 09:32:36.560,1237615
SZ.000001,1403326,600,2021-05-19 09:32:37.680,1325552
SZ.000001,1405476,100,2021-05-19 09:32:38.180,1363882
SZ.000001,1406770,4600,2021-05-19 09:32:38.510,1356576
SZ.000001,1407470,900,2021-05-19 09:32:38.710,1366924
SZ.000001,1409857,7400,2021-05-19 09:32:39.300,876453
SZ.000001,1417203,100,2021-05-19 09:32:40.890,578526
SZ.000001,1417516,800,2021-05-19 09:32:40.960,1231500
SZ.000001,1420640,5600,2021-05-19 09:32:41.750,1277685
SZ.000001,1421234,600,2021-05-19 09:32:41.910,1241063
SZ.000001,1427242,200,2021-05-19 09:32:43.180,1391982
SZ.000001,1432280,100,2021-05-19 09:32:44.430,1382936
SZ.000001,1432649,6000,2021-05-19 09:32:44.520,1327328
SZ.000001,1440333,1000,2021-05-19 09:32:46.370,1334478
SZ.000001,1445794,200,2021-05-19 09:32:47.720,1371641
SZ.000001,1446197,200,2021-05-19 09:32:47.830,1365055
SZ.000001,1447940,100,2021-05-19 09:32:48.330,1159353
SZ.000001,1448635,100,2021-05-19 09:32:48.510,1436053
SZ.000001,1448636,100,2021-05-19 09:32:48.510,1436087
SZ.000001,1448639,100,2021-05-19 09:32:48.510,1436060
SZ.000001,1448640,100,2021-05-19 09:32:48.510,1436061
SZ.000001,1448643,100,2021-05-19 09:32:48.510,1436089
SZ.000001,1448645,100,2021-05-19 09:32:48.510,1436092
SZ.000001,1448682,100,2021-05-19 09:32:48.520,1436134
SZ.000001,1448803,1800,2021-05-19 09:32:48.540,1436211
SZ.000001,1448823,300,2021-05-19 09:32:48.550,1436212
SZ.000001,1449035,200,2021-05-19 09:32:48.590,1437887
SZ.000001,1451486,3500,2021-05-19 09:32:49.090,895590
SZ.000001,1454856,5100,2021-05-19 09:32:49.760,1373286
SZ.000001,1456532,200,2021-05-19 09:32:50.190,1015789
SZ.000001,1458187,5000,2021-05-19 09:32:50.620,448098
SZ.000001,1458771,400,2021-05-19 09:32:50.780,1225745
SZ.000001,1458988,2200,2021-05-19 09:32:50.810,472606
SZ.000001,1465893,1000,2021-05-19 09:32:52.330,1380709
SZ.000001,1466101,1000,2021-05-19 09:32:52.360,1253122
SZ.000001,1469360,1500,2021-05-19 09:32:53.080,1426608
SZ.000001,1473272,300,2021-05-19 09:32:53.900,1366550
SZ.000001,1474106,400,2021-05-19 09:32:54.090,1444188
SZ.000001,1474468,100,2021-05-19 09:32:54.160,1333004
SZ.000001,1476773,100,2021-05-19 09:32:54.610,1321814
SZ.000001,1478382,600,2021-05-19 09:32:54.890,1433017
SZ.000001,1481696,5000,2021-05-19 09:32:55.460,1290924
SZ.000001,1482750,100,2021-05-19 09:32:55.700,440301
SZ.000001,1486475,100,2021-05-19 09:32:56.420,1438359
SZ.000001,1487386,1000,2021-05-19 09:32:56.630,562598
SZ.000001,1490120,100,2021-05-19 09:32:57.280,1447814
SZ.000001,1490128,100,2021-05-19 09:32:57.280,1447819
SZ.000001,1490130,100,2021-05-19 09:32:57.280,1447820
SZ.000001,1490131,100,2021-05-19 09:32:57.280,1447817
SZ.000001,1490134,100,2021-05-19 09:32:57.280,1447824
SZ.000001,1491080,2200,2021-05-19 09:32:57.520,1470936
SZ.000001,1491088,100,2021-05-19 09:32:57.520,1485075
SZ.000001,1491163,2400,2021-05-19 09:32:57.540,1485049
SZ.000001,1491166,200,2021-05-19 09:32:57.540,1485089
SZ.000001,1491170,100,2021-05-19 09:32:57.540,1485059
SZ.000001,1491176,100,2021-05-19 09:32:57.540,1485069
SZ.000001,1491190,200,2021-05-19 09:32:57.550,1485050
SZ.000001,1491201,200,2021-05-19 09:32:57.550,1485051
SZ.000001,1491276,4700,2021-05-19 09:32:57.570,1471751
SZ.000001,1491277,1500,2021-05-19 09:32:57.570,1469296
SZ.000001,1491278,2500,2021-05-19 09:32:57.570,1472406
SZ.000001,1491279,1800,2021-05-19 09:32:57.570,1474492
SZ.000001,1491280,100,2021-05-19 09:32:57.570,1485331
SZ.000001,1491308,100,2021-05-19 09:32:57.570,1485079
SZ.000001,1491309,200,2021-05-19 09:32:57.570,1473042
SZ.000001,1491311,200,2021-05-19 09:32:57.570,1485223
SZ.000001,1491338,500,2021-05-19 09:32:57.580,1487805
SZ.000001,1491341,200,2021-05-19 09:32:57.580,1483490
SZ.000001,1491344,500,2021-05-19 09:32:57.580,1483439
SZ.000001,1491347,200,2021-05-19 09:32:57.580,1485335
SZ.000001,1491348,200,2021-05-19 09:32:57.580,1485255
SZ.000001,1491370,800,2021-05-19 09:32:57.590,1485418
SZ.000001,1491447,600,2021-05-19 09:32:57.600,1483476
SZ.000001,1491494,800,2021-05-19 09:32:57.610,1472029
SZ.000001,1491495,900,2021-05-19 09:32:57.620,1472485
SZ.000001,1491504,500,2021-05-19 09:32:57.620,1480625
SZ.000001,1492943,3000,2021-05-19 09:32:57.880,614097
SZ.000001,1496863,6800,2021-05-19 09:32:58.470,1357319
SZ.000001,1498995,1000,2021-05-19 09:32:58.890,1335741
SZ.000001,1506223,1200,2021-05-19 09:33:00.440,1480891
SZ.000001,1508464,21800,2021-05-19 09:33:00.780,1310285
SZ.000001,1509285,2300,2021-05-19 09:33:00.900,1481108
SZ.000001,1510753,2800,2021-05-19 09:33:01.090,1309018
SZ.000001,1511547,100,2021-05-19 09:33:01.180,405862
SZ.000001,1515627,100,2021-05-19 09:33:01.790,1320906
SZ.000001,1531636,200,2021-05-19 09:33:04.520,595691
SZ.000001,1533487,600,2021-05-19 09:33:04.900,547202
SZ.000001,1534444,2200,2021-05-19 09:33:05.060,1533273
SZ.000001,1535453,1100,2021-05-19 09:33:05.210,1215923
SZ.000001,1544648,300,2021-05-19 09:33:07.020,443666
SZ.000001,1547366,200,2021-05-19 09:33:07.430,1240587
SZ.000001,1548132,100,2021-05-19 09:33:07.590,1497540
SZ.000001,1548133,100,2021-05-19 09:33:07.590,1497541
SZ.000001,1548143,100,2021-05-19 09:33:07.600,1497545
SZ.000001,1548152,100,2021-05-19 09:33:07.600,1497546
SZ.000001,1548164,100,2021-05-19 09:33:07.600,1497544
SZ.000001,1552432,300,2021-05-19 09:33:08.530,590112
SZ.000001,1553568,500,2021-05-19 09:33:08.850,1368836
SZ.000001,1557533,300,2021-05-19 09:33:09.790,1508507
SZ.000001,1557726,400,2021-05-19 09:33:09.820,1508995
SZ.000001,1558456,3000,2021-05-19 09:33:09.970,1196346
SZ.000001,1566543,100,2021-05-19 09:33:11.600,1336300
SZ.000001,1566656,100,2021-05-19 09:33:11.630,1337835
SZ.000001,1567027,100,2021-05-19 09:33:11.730,1339358
SZ.000001,1567443,100,2021-05-19 09:33:11.830,1335577
SZ.000001,1568178,11700,2021-05-19 09:33:11.990,1488949
SZ.000001,1570341,5700,2021-05-19 09:33:12.480,1490939
SZ.000001,1570464,400,2021-05-19 09:33:12.510,1491049
SZ.000001,1570465,200,2021-05-19 09:33:12.510,1491048
SZ.000001,1570467,200,2021-05-19 09:33:12.510,1491047
SZ.000001,1570478,200,2021-05-19 09:33:12.520,1491093
SZ.000001,1570514,200,2021-05-19 09:33:12.530,1491103
SZ.000001,1570610,200,2021-05-19 09:33:12.550,1491186
SZ.000001,1573068,200,2021-05-19 09:33:13.070,1492822
SZ.000001,1573937,100,2021-05-19 09:33:13.230,1179331
SZ.000001,1577208,300,2021-05-19 09:33:13.970,1233483
SZ.000001,1583434,500,2021-05-19 09:33:15.510,1570432
SZ.000001,1583440,500,2021-05-19 09:33:15.510,1570447
SZ.000001,1604040,67,2021-05-19 09:33:20.250,1603666
SZ.000001,1607038,400,2021-05-19 09:33:21.050,533892
SZ.000001,1615874,300,2021-05-19 09:33:22.900,431295
SZ.000001,1620738,100,2021-05-19 09:33:24.240,603650
SZ.000001,1622043,1500,2021-05-19 09:33:24.620,1555447
SZ.000001,1627364,400,2021-05-19 09:33:25.690,1551716
SZ.000001,1629094,2000,2021-05-19 09:33:26.110,1434692
SZ.000001,1635791,100,2021-05-19 09:33:27.920,1593770
SZ.000001,1641624,1000,2021-05-19 09:33:29.340,881357
SZ.000001,1644576,200,2021-05-19 09:33:30.230,1255971
SZ.000001,1650694,1000,2021-05-19 09:33:31.630,1357540
SZ.000001,1651572,100,2021-05-19 09:33:31.870,602603
SZ.000001,1665948,100,2021-05-19 09:33:35.540,1637220
SZ.000001,1673072,200,2021-05-19 09:33:37.350,1546821
SZ.000001,1675532,2000,2021-05-19 09:33:37.980,1431424
SZ.000001,1683875,400,2021-05-19 09:33:40.230,789282
SZ.000001,1689636,500,2021-05-19 09:33:41.820,831960
SZ.000001,1692575,900,2021-05-19 09:33:42.660,1303840
SZ.000001,1696548,500,2021-05-19 09:33:43.540,1590016
SZ.000001,1696798,1000,2021-05-19 09:33:43.620,1308992
SZ.000001,1702647,800,2021-05-19 09:33:45.300,1581357
SZ.000001,1702712,4133,2021-05-19 09:33:45.320,1580734
SZ.000001,1702714,400,2021-05-19 09:33:45.320,1581423
SZ.000001,1703236,2500,2021-05-19 09:33:45.480,381595
SZ.000001,1704571,11167,2021-05-19 09:33:45.800,1533028
SZ.000001,1708020,16800,2021-05-19 09:33:46.540,1582296
SZ.000001,1716523,200,2021-05-19 09:33:48.850,639476
SZ.000001,1725274,100,2021-05-19 09:33:51.430,1688410
SZ.000001,1725978,5400,2021-05-19 09:33:51.630,1569175
SZ.000001,1729498,200,2021-05-19 09:33:52.400,482180
SZ.000001,1733733,2000,2021-05-19 09:33:53.700,1307981
SZ.000001,1742980,3100,2021-05-19 09:33:56.300,711837
SZ.000001,1745159,4500,2021-05-19 09:33:57.020,1725931
SZ.000001,1746825,20000,2021-05-19 09:33:57.510,433029
SZ.000001,1761409,100,2021-05-19 09:34:01.250,1392177
SZ.000001,1761744,500,2021-05-19 09:34:01.300,1318736
SZ.000001,1766320,200,2021-05-19 09:34:02.490,1705132
SZ.000001,1770133,100,2021-05-19 09:34:03.460,1262698
SZ.000001,1772232,300,2021-05-19 09:34:03.880,1310405
SZ.000001,1779059,200,2021-05-19 09:34:05.340,1735922
SZ.000001,1780415,500,2021-05-19 09:34:05.730,1735109
SZ.000001,1781902,400,2021-05-19 09:34:06.120,396515
SZ.000001,1782768,300,2021-05-19 09:34:06.370,523992
SZ.000001,1794063,3000,2021-05-19 09:34:09.000,443391
SZ.000001,1796324,100,2021-05-19 09:34:09.480,1757596
SZ.000001,1796423,100,2021-05-19 09:34:09.510,1757785
SZ.000001,1809294,100,2021-05-19 09:34:12.650,1749707
SZ.000001,1809455,300,2021-05-19 09:34:12.690,1534387
SZ.000001,1809870,100,2021-05-19 09:34:12.790,565766
SZ.000001,1810829,100,2021-05-19 09:34:13.000,1742183
SZ.000001,1816834,6900,2021-05-19 09:34:14.460,1814222
SZ.000001,1816871,9000,2021-05-19 09:34:14.480,471005
SZ.000001,1817082,1000,2021-05-19 09:34:14.530,1344979
SZ.000001,1819108,500,2021-05-19 09:34:15.110,1703783
SZ.000001,1837797,200,2021-05-19 09:34:19.670,1801857
SZ.000001,1837890,200,2021-05-19 09:34:19.700,1802073
SZ.000001,1844603,5400,2021-05-19 09:34:21.540,1729612
SZ.000001,1850075,10200,2021-05-19 09:34:22.760,1724433
SZ.000001,1856475,2000,2021-05-19 09:34:24.610,1565302
SZ.000001,1856515,800,2021-05-19 09:34:24.620,410296
SZ.000001,1870753,1000,2021-05-19 09:34:28.170,1386174
SZ.000001,1874919,1100,2021-05-19 09:34:29.240,1606235
SZ.000001,1875307,500,2021-05-19 09:34:29.350,1784549
SZ.000001,1880528,20200,2021-05-19 09:34:30.760,1709568
SZ.000001,1882391,1000,2021-05-19 09:34:31.130,824992
SZ.000001,1883465,300,2021-05-19 09:34:31.350,1781326
SZ.000001,1884065,1500,2021-05-19 09:34:31.470,1789609
SZ.000001,1884682,300,2021-05-19 09:34:31.640,583992
SZ.000001,1884965,100,2021-05-19 09:34:31.690,1884590
SZ.000001,1898680,200,2021-05-19 09:34:35.380,1784802
SZ.000001,1907676,700,2021-05-19 09:34:37.820,1866129
SZ.000001,1924666,100,2021-05-19 09:34:42.730,1835969
SZ.000001,1925697,100,2021-05-19 09:34:43.000,1203237
SZ.000001,1929223,100,2021-05-19 09:34:44.010,1623319
SZ.000001,1931889,1000,2021-05-19 09:34:44.850,1141528
SZ.000001,1945482,4800,2021-05-19 09:34:48.830,1862954
SZ.000001,1955618,100,2021-05-19 09:34:51.940,411384
SZ.000001,1960718,1000,2021-05-19 09:34:53.400,1466566
SZ.000001,1966885,500,2021-05-19 09:34:55.230,567726
SZ.000001,1967798,200,2021-05-19 09:34:55.450,1692971
SZ.000001,1968263,500,2021-05-19 09:34:55.600,1207335
SZ.000001,1978995,1000,2021-05-19 09:34:58.670,863079
SZ.000001,1979434,400,2021-05-19 09:34:58.810,1948966
SZ.000001,1985993,200,2021-05-19 09:35:00.720,1965809
SZ.000001,1989084,200,2021-05-19 09:35:01.360,1667149
SZ.000001,2009043,400,2021-05-19 09:35:06.490,1840821
SZ.000001,2010463,100,2021-05-19 09:35:06.780,1945387
SZ.000001,2014927,400,2021-05-19 09:35:07.890,1537964
SZ.000001,2016438,500,2021-05-19 09:35:08.230,1129998
SZ.000001,2020868,2500,2021-05-19 09:35:09.420,1869008
SZ.000001,2026257,1000,2021-05-19 09:35:10.560,1133509
SZ.000001,2033957,1000,2021-05-19 09:35:12.500,1243282
SZ.000001,2034663,200,2021-05-19 09:35:12.670,1923566
SZ.000001,2040590,100,2021-05-19 09:35:13.910,1939360
SZ.000001,2040618,100,2021-05-19 09:35:13.920,1918871
SZ.000001,2043099,100,2021-05-19 09:35:14.500,1583109
SZ.000001,2047558,1500,2021-05-19 09:35:15.760,1885232
SZ.000001,2049468,2400,2021-05-19 09:35:16.140,1946166
SZ.000001,2051372,500,2021-05-19 09:35:16.430,1059145
SZ.000001,2052470,1100,2021-05-19 09:35:16.730,1957420
SZ.000001,2055981,200,2021-05-19 09:35:17.720,401777
SZ.000001,2056441,100,2021-05-19 09:35:17.850,1971887
SZ.000001,2073636,700,2021-05-19 09:35:22.090,1776628
SZ.000001,2077099,700,2021-05-19 09:35:22.830,2040649
SZ.000001,2088132,100,2021-05-19 09:35:25.910,2047575
SZ.000001,2088139,100,2021-05-19 09:35:25.910,2047729
SZ.000001,2088143,100,2021-05-19 09:35:25.920,2047948
SZ.000001,2088295,700,2021-05-19 09:35:25.980,2006513
SZ.000001,2093639,200,2021-05-19 09:35:27.730,1290881
SZ.000001,2093932,200,2021-05-19 09:35:27.790,1712173
SZ.000001,2097026,100,2021-05-19 09:35:28.470,2065427
SZ.000001,2104776,200,2021-05-19 09:35:30.780,1208223
SZ.000001,2105575,1000,2021-05-19 09:35:30.970,1356316
SZ.000001,2109382,100,2021-05-19 09:35:31.890,2098522
SZ.000001,2109397,100,2021-05-19 09:35:31.890,2098659
SZ.000001,2109405,100,2021-05-19 09:35:31.890,2098632
SZ.000001,2109484,100,2021-05-19 09:35:31.930,737175
SZ.000001,2113024,100,2021-05-19 09:35:33.030,1863894
SZ.000001,2117106,400,2021-05-19 09:35:34.120,1946333
SZ.000001,2121203,1000,2021-05-19 09:35:35.300,2087432
SZ.000001,2138712,200,2021-05-19 09:35:40.250,691088
SZ.000001,2138716,500,2021-05-19 09:35:40.250,691080
SZ.000001,2138785,700,2021-05-19 09:35:40.270,691182
SZ.000001,2139277,400,2021-05-19 09:35:40.400,653679
SZ.000001,2139615,700,2021-05-19 09:35:40.480,614329
SZ.000001,2139618,300,2021-05-19 09:35:40.480,614314
SZ.000001,2139815,900,2021-05-19 09:35:40.530,615290
SZ.000001,2139816,1800,2021-05-19 09:35:40.530,615299
SZ.000001,2148489,100,2021-05-19 09:35:43.150,1630904
SZ.000001,2152866,5100,2021-05-19 09:35:44.450,1214229
SZ.000001,2154395,100,2021-05-19 09:35:44.940,1733227
SZ.000001,2155768,1000,2021-05-19 09:35:45.330,1248718
SZ.000001,2156283,1400,2021-05-19 09:35:45.490,2141497
SZ.000001,2156370,900,2021-05-19 09:35:45.510,651089
SZ.000001,2158362,500,2021-05-19 09:35:45.970,2158331
SZ.000001,2158363,1000,2021-05-19 09:35:45.970,2158333
SZ.000001,2158364,2500,2021-05-19 09:35:45.970,2158332
SZ.000001,2159206,100,2021-05-19 09:35:46.130,2159193
SZ.000001,2159371,100,2021-05-19 09:35:46.160,2159182
SZ.000001,2161509,1700,2021-05-19 09:35:46.560,2159175
SZ.000001,2162969,500,2021-05-19 09:35:46.990,1842318
SZ.000001,2164476,1000,2021-05-19 09:35:47.470,1391549
SZ.000001,2166671,100,2021-05-19 09:35:48.190,2159177
SZ.000001,2172803,500,2021-05-19 09:35:49.700,1814881
SZ.000001,2173794,1300,2021-05-19 09:35:49.970,2161415
SZ.000001,2173801,300,2021-05-19 09:35:49.980,2161471
SZ.000001,2184737,100,2021-05-19 09:35:52.990,1339784
SZ.000001,2192615,1000,2021-05-19 09:35:55.250,2138679
SZ.000001,2206776,100,2021-05-19 09:35:59.300,1365390
SZ.000001,2208250,1000,2021-05-19 09:35:59.650,1562323
SZ.000001,2212636,200,2021-05-19 09:36:00.560,2207916
SZ.000001,2212637,600,2021-05-19 09:36:00.560,2203536
SZ.000001,2212644,1600,2021-05-19 09:36:00.560,2207559
SZ.000001,2212652,200,2021-05-19 09:36:00.560,2208016
SZ.000001,2212679,500,2021-05-19 09:36:00.570,2207945
SZ.000001,2212684,200,2021-05-19 09:36:00.570,2207917
SZ.000001,2212745,200,2021-05-19 09:36:00.580,2203541
SZ.000001,2212845,4900,2021-05-19 09:36:00.590,2197932
SZ.000001,2214246,200,2021-05-19 09:36:00.870,2179040
SZ.000001,2214408,4900,2021-05-19 09:36:00.900,2213182
SZ.000001,2214413,500,2021-05-19 09:36:00.900,2169555
SZ.000001,2214849,100,2021-05-19 09:36:01.000,2206262
SZ.000001,2214850,100,2021-05-19 09:36:01.000,2206263
SZ.000001,2215969,100,2021-05-19 09:36:01.180,2211266
SZ.000001,2218516,600,2021-05-19 09:36:01.650,2210427
SZ.000001,2218563,4100,2021-05-19 09:36:01.670,2208651
SZ.000001,2218640,2700,2021-05-19 09:36:01.690,2205207
SZ.000001,2218641,20100,2021-05-19 09:36:01.690,2203140
SZ.000001,2220173,20000,2021-05-19 09:36:02.060,2184636
SZ.000001,2226417,700,2021-05-19 09:36:03.690,2179380
SZ.000001,2228975,9700,2021-05-19 09:36:04.150,2226904
SZ.000001,2229016,3700,2021-05-19 09:36:04.160,2222513
SZ.000001,2229068,25800,2021-05-19 09:36:04.170,2220477
SZ.000001,2239953,300,2021-05-19 09:36:06.560,2200205
SZ.000001,2240421,28967,2021-05-19 09:36:06.640,2231392
SZ.000001,2251634,100,2021-05-19 09:36:09.010,1274913
SZ.000001,2252189,300,2021-05-19 09:36:09.120,2210517
SZ.000001,2252204,300,2021-05-19 09:36:09.130,2210535
SZ.000001,2254456,28300,2021-05-19 09:36:09.650,2242610
SZ.000001,2255762,20000,2021-05-19 09:36:09.900,2235964
SZ.000001,2258315,500,2021-05-19 09:36:10.350,2203512
SZ.000001,2271314,400,2021-05-19 09:36:13.530,2231641
SZ.000001,2275498,500,2021-05-19 09:36:14.800,1411650
SZ.000001,2289612,1300,2021-05-19 09:36:18.650,2272816
SZ.000001,2300223,200,2021-05-19 09:36:21.340,2278186
SZ.000001,2301607,300,2021-05-19 09:36:21.720,2266747
SZ.000001,2301608,400,2021-05-19 09:36:21.720,2266751
SZ.000001,2301627,300,2021-05-19 09:36:21.720,2266766
SZ.000001,2302332,400,2021-05-19 09:36:21.860,681837
SZ.000001,2316631,600,2021-05-19 09:36:25.370,2305470
SZ.000001,2316722,200,2021-05-19 09:36:25.390,491846
SZ.000001,2319641,4200,2021-05-19 09:36:26.120,431699
SZ.000001,2322470,500,2021-05-19 09:36:27.050,1413013
SZ.000001,2342170,500,2021-05-19 09:36:32.200,2305478
SZ.000001,2342202,500,2021-05-19 09:36:32.210,2305469
SZ.000001,2342205,400,2021-05-19 09:36:32.210,2305346
SZ.000001,2342208,300,2021-05-19 09:36:32.210,1335540
SZ.000001,2342209,400,2021-05-19 09:36:32.210,1335529
SZ.000001,2342210,100,2021-05-19 09:36:32.210,1335528
SZ.000001,2342213,200,2021-05-19 09:36:32.210,1335466
SZ.000001,2342361,500,2021-05-19 09:36:32.260,1691684
SZ.000001,2348287,10400,2021-05-19 09:36:33.990,1623572
SZ.000001,2353446,200,2021-05-19 09:36:35.340,483928
SZ.000001,2362027,200,2021-05-19 09:36:37.650,2016916
SZ.000001,2367980,600,2021-05-19 09:36:39.450,1582999
SZ.000001,2368014,100,2021-05-19 09:36:39.460,2347289
SZ.000001,2369864,2,2021-05-19 09:36:39.910,2369275
SZ.000001,2370228,8200,2021-05-19 09:36:40.000,2293120
SZ.000001,2372890,1000,2021-05-19 09:36:40.630,1702215
SZ.000001,2377068,1100,2021-05-19 09:36:41.980,1837472
SZ.000001,2377747,200,2021-05-19 09:36:42.170,1328272
SZ.000001,2378810,1400,2021-05-19 09:36:42.540,2312433
SZ.000001,2381310,5000,2021-05-19 09:36:43.130,1226681
SZ.000001,2388370,100,2021-05-19 09:36:45.060,2008218
SZ.000001,2399906,1600,2021-05-19 09:36:48.480,2308290
SZ.000001,2405410,1300,2021-05-19 09:36:49.840,2369276
SZ.000001,2405422,300,2021-05-19 09:36:49.840,2369279
SZ.000001,2406843,100,2021-05-19 09:36:50.300,977204
SZ.000001,2407381,1000,2021-05-19 09:36:50.510,2358752
SZ.000001,2413738,7800,2021-05-19 09:36:52.320,2348738
SZ.000001,2428101,2800,2021-05-19 09:36:56.650,2216524
SZ.000001,2429126,1000,2021-05-19 09:36:57.020,471846
SZ.000001,2430236,100,2021-05-19 09:36:57.430,2328804
SZ.000001,2443073,200,2021-05-19 09:37:01.000,494199
SZ.000001,2451162,1000,2021-05-19 09:37:02.890,687350
SZ.000001,2454055,1000,2021-05-19 09:37:03.620,2423574
SZ.000001,2469816,100,2021-05-19 09:37:07.240,2240435
SZ.000001,2473320,200,2021-05-19 09:37:08.050,2443342
SZ.000001,2482773,3400,2021-05-19 09:37:10.290,1381625
SZ.000001,2489012,1000,2021-05-19 09:37:11.970,1354166
SZ.000001,2492654,400,2021-05-19 09:37:12.780,2357953
SZ.000001,2495532,100,2021-05-19 09:37:13.310,467935
SZ.000001,2511965,1000,2021-05-19 09:37:17.410,537668
SZ.000001,2520005,100,2021-05-19 09:37:19.600,2313087
SZ.000001,2525895,5500,2021-05-19 09:37:21.600,2413206
SZ.000001,2530128,100,2021-05-19 09:37:22.660,1206793
SZ.000001,2530166,100,2021-05-19 09:37:22.670,1206880
SZ.000001,2530168,100,2021-05-19 09:37:22.670,1206630
SZ.000001,2530173,100,2021-05-19 09:37:22.680,1206871
SZ.000001,2530201,100,2021-05-19 09:37:22.680,1206735
SZ.000001,2530204,100,2021-05-19 09:37:22.680,1206623
SZ.000001,2530205,100,2021-05-19 09:37:22.680,1206634
SZ.000001,2530206,100,2021-05-19 09:37:22.680,1206788
SZ.000001,2530207,100,2021-05-19 09:37:22.680,1206648
SZ.000001,2530217,100,2021-05-19 09:37:22.690,1206627
SZ.000001,2530218,100,2021-05-19 09:37:22.690,1206637
SZ.000001,2530221,100,2021-05-19 09:37:22.690,1206631
SZ.000001,2530223,100,2021-05-19 09:37:22.690,1206636
SZ.000001,2530329,100,2021-05-19 09:37:22.720,1221529
SZ.000001,2530348,100,2021-05-19 09:37:22.720,1206624
SZ.000001,2530388,100,2021-05-19 09:37:22.720,1207145
SZ.000001,2530415,100,2021-05-19 09:37:22.730,1214110
SZ.000001,2530431,100,2021-05-19 09:37:22.740,1214025
SZ.000001,2530442,100,2021-05-19 09:37:22.740,1216058
SZ.000001,2530443,100,2021-05-19 09:37:22.740,1214145
SZ.000001,2530447,100,2021-05-19 09:37:22.740,1214005
SZ.000001,2530449,100,2021-05-19 09:37:22.740,1214054
SZ.000001,2530456,100,2021-05-19 09:37:22.740,1214114
SZ.000001,2530462,100,2021-05-19 09:37:22.750,1207840
SZ.000001,2530466,100,2021-05-19 09:37:22.750,1207655
SZ.000001,2530594,100,2021-05-19 09:37:22.780,1207445
SZ.000001,2530610,100,2021-05-19 09:37:22.780,1208478
SZ.000001,2530665,100,2021-05-19 09:37:22.790,1221507
SZ.000001,2530697,100,2021-05-19 09:37:22.800,1206933
SZ.000001,2530718,100,2021-05-19 09:37:22.810,1214016
SZ.000001,2530730,100,2021-05-19 09:37:22.810,1221585
SZ.000001,2530735,100,2021-05-19 09:37:22.810,1208396
SZ.000001,2530739,100,2021-05-19 09:37:22.820,1214154
SZ.000001,2530741,100,2021-05-19 09:37:22.820,1208320
SZ.000001,2530747,100,2021-05-19 09:37:22.820,1213998
SZ.000001,2530874,100,2021-05-19 09:37:22.850,1208014
SZ.000001,2530899,100,2021-05-19 09:37:22.860,1208256
SZ.000001,2531083,100,2021-05-19 09:37:22.910,1209287
SZ.000001,2531122,100,2021-05-19 09:37:22.920,1209711
SZ.000001,2531140,100,2021-05-19 09:37:22.930,1208401
SZ.000001,2531326,100,2021-05-19 09:37:22.990,1208338
SZ.000001,2531479,100,2021-05-19 09:37:23.020,1210244
SZ.000001,2531580,100,2021-05-19 09:37:23.040,1209696
SZ.000001,2531670,100,2021-05-19 09:37:23.070,1208351
SZ.000001,2531780,100,2021-05-19 09:37:23.100,1208581
SZ.000001,2531832,100,2021-05-19 09:37:23.120,1208387
SZ.000001,2531865,100,2021-05-19 09:37:23.120,1208312
SZ.000001,2531872,100,2021-05-19 09:37:23.130,1208257
SZ.000001,2531905,100,2021-05-19 09:37:23.140,1208208
SZ.000001,2531964,100,2021-05-19 09:37:23.150,1208295
SZ.000001,2532088,100,2021-05-19 09:37:23.180,1211581
SZ.000001,2532153,100,2021-05-19 09:37:23.200,1206995
SZ.000001,2532599,100,2021-05-19 09:37:23.360,1206632
SZ.000001,2532606,100,2021-05-19 09:37:23.360,1206640
SZ.000001,2532713,100,2021-05-19 09:37:23.390,1206625
SZ.000001,2532721,100,2021-05-19 09:37:23.390,1211401
SZ.000001,2539549,300,2021-05-19 09:37:25.480,1325235
SZ.000001,2539789,2,2021-05-19 09:37:25.550,2538685
SZ.000001,2550573,1000,2021-05-19 09:37:28.880,2426293
SZ.000001,2553655,2,2021-05-19 09:37:29.950,2544809
SZ.000001,2554279,1400,2021-05-19 09:37:30.120,2185112
SZ.000001,2557007,1600,2021-05-19 09:37:30.890,2441402
SZ.000001,2565510,300,2021-05-19 09:37:33.650,2544445
SZ.000001,2565551,200,2021-05-19 09:37:33.670,2544425
SZ.000001,2565552,500,2021-05-19 09:37:33.670,2544407
SZ.000001,2565554,100,2021-05-19 09:37:33.670,2544406
SZ.000001,2565555,800,2021-05-19 09:37:33.670,2544405
SZ.000001,2565556,400,2021-05-19 09:37:33.670,2544404
SZ.000001,2565560,600,2021-05-19 09:37:33.670,2544402
SZ.000001,2565561,700,2021-05-19 09:37:33.670,2544340
SZ.000001,2569316,200,2021-05-19 09:37:34.750,491604
SZ.000001,2569317,4500,2021-05-19 09:37:34.750,2334343
SZ.000001,2574723,700,2021-05-19 09:37:36.690,2516214
SZ.000001,2578878,4000,2021-05-19 09:37:37.960,448166
SZ.000001,2583223,400,2021-05-19 09:37:39.510,2574018
SZ.000001,2583229,100,2021-05-19 09:37:39.510,2574058
SZ.000001,2597409,500,2021-05-19 09:37:43.940,1834625
SZ.000001,2597463,100,2021-05-19 09:37:43.950,2421303
SZ.000001,2597959,3000,2021-05-19 09:37:44.110,389288
SZ.000001,2602423,600,2021-05-19 09:37:45.600,2504106
SZ.000001,2608436,200,2021-05-19 09:37:47.350,454353
SZ.000001,2611314,500,2021-05-19 09:37:48.370,425107
SZ.000001,2614681,1000,2021-05-19 09:37:49.370,1216072
SZ.000001,2617684,500,2021-05-19 09:37:50.390,2568594
SZ.000001,2625024,5000,2021-05-19 09:37:52.790,698701
SZ.000001,2626415,300,2021-05-19 09:37:53.250,602285
SZ.000001,2628711,500,2021-05-19 09:37:54.140,2599523
SZ.000001,2629070,2300,2021-05-19 09:37:54.270,553139
SZ.000001,2630657,100,2021-05-19 09:37:54.800,2540197
SZ.000001,2641885,5000,2021-05-19 09:37:58.320,1921432
SZ.000001,2646598,1600,2021-05-19 09:37:59.990,2580205
SZ.000001,2652494,5000,2021-05-19 09:38:01.800,2149955
SZ.000001,2676177,300,2021-05-19 09:38:08.430,446520
SZ.000001,2676672,8200,2021-05-19 09:38:08.590,634051
SZ.000001,2680153,100,2021-05-19 09:38:09.520,2668512
SZ.000001,2686478,1500,2021-05-19 09:38:11.120,2480703
SZ.000001,2688244,400,2021-05-19 09:38:11.700,2615463
SZ.000001,2688399,3300,2021-05-19 09:38:11.750,2438861
SZ.000001,2688644,16500,2021-05-19 09:38:11.870,2661214
SZ.000001,2691882,200,2021-05-19 09:38:12.820,2588471
SZ.000001,2697718,200,2021-05-19 09:38:14.520,2664619
SZ.000001,2701378,11300,2021-05-19 09:38:15.780,2607344
SZ.000001,2706116,20000,2021-05-19 09:38:17.170,2276760
SZ.000001,2712620,200,2021-05-19 09:38:18.980,1581269
SZ.000001,2713270,900,2021-05-19 09:38:19.140,1164473
SZ.000001,2722919,1600,2021-05-19 09:38:22.150,2665892
SZ.000001,2724901,300,2021-05-19 09:38:22.730,2695186
SZ.000001,2733215,6000,2021-05-19 09:38:25.450,2520034
SZ.000001,2733722,600,2021-05-19 09:38:25.640,2629888
SZ.000001,2733861,300,2021-05-19 09:38:25.690,2719035
SZ.000001,2738468,2500,2021-05-19 09:38:27.380,1825613
SZ.000001,2744867,4600,2021-05-19 09:38:29.160,2702886
SZ.000001,2745904,500,2021-05-19 09:38:29.530,2424074
SZ.000001,2749209,3000,2021-05-19 09:38:30.760,2681341
SZ.000001,2749607,300,2021-05-19 09:38:30.860,778004
SZ.000001,2760700,3732,2021-05-19 09:38:34.290,2659777
SZ.000001,2765492,500,2021-05-19 09:38:35.720,2436033
SZ.000001,2766815,1000,2021-05-19 09:38:36.170,1764186
SZ.000001,2770466,2000,2021-05-19 09:38:37.240,2761171
SZ.000001,2774190,7400,2021-05-19 09:38:38.480,2354920
SZ.000001,2776035,2,2021-05-19 09:38:39.090,2771343
SZ.000001,2781662,100,2021-05-19 09:38:40.790,2708701
SZ.000001,2781698,100,2021-05-19 09:38:40.810,2708696
SZ.000001,2781703,100,2021-05-19 09:38:40.810,2708868
SZ.000001,2781755,100,2021-05-19 09:38:40.830,2708692
SZ.000001,2781760,100,2021-05-19 09:38:40.830,2708687
SZ.000001,2781764,100,2021-05-19 09:38:40.830,2708697
SZ.000001,2781767,100,2021-05-19 09:38:40.830,2709371
SZ.000001,2781781,100,2021-05-19 09:38:40.830,2708859
SZ.000001,2781782,100,2021-05-19 09:38:40.830,2708785
SZ.000001,2781785,100,2021-05-19 09:38:40.830,2708675
SZ.000001,2781792,100,2021-05-19 09:38:40.830,2710120
SZ.000001,2781798,100,2021-05-19 09:38:40.830,2709063
SZ.000001,2781799,100,2021-05-19 09:38:40.830,2708716
SZ.000001,2781802,100,2021-05-19 09:38:40.840,2708683
SZ.000001,2781824,100,2021-05-19 09:38:40.840,2708684
SZ.000001,2781832,100,2021-05-19 09:38:40.850,2709303
SZ.000001,2781861,500,2021-05-19 09:38:40.850,2703873
SZ.000001,2781889,100,2021-05-19 09:38:40.860,2708948
SZ.000001,2781896,100,2021-05-19 09:38:40.860,2708691
SZ.000001,2782010,100,2021-05-19 09:38:40.900,2709326
SZ.000001,2782046,100,2021-05-19 09:38:40.920,2709253
SZ.000001,2782072,100,2021-05-19 09:38:40.930,2709318
SZ.000001,2782118,100,2021-05-19 09:38:40.940,2709551
SZ.000001,2782122,100,2021-05-19 09:38:40.940,2709374
SZ.000001,2782135,100,2021-05-19 09:38:40.950,2709391
SZ.000001,2782138,100,2021-05-19 09:38:40.950,2709256
SZ.000001,2782153,100,2021-05-19 09:38:40.950,2709074
SZ.000001,2782157,100,2021-05-19 09:38:40.950,2709066
SZ.000001,2782167,100,2021-05-19 09:38:40.960,2709072
SZ.000001,2782171,100,2021-05-19 09:38:40.960,2709045
SZ.000001,2782176,100,2021-05-19 09:38:40.960,2709390
SZ.000001,2782184,100,2021-05-19 09:38:40.960,2709077
SZ.000001,2782263,100,2021-05-19 09:38:41.000,2709403
SZ.000001,2782332,100,2021-05-19 09:38:41.020,2712428
SZ.000001,2782359,100,2021-05-19 09:38:41.030,2709720
SZ.000001,2782368,100,2021-05-19 09:38:41.030,2710427
SZ.000001,2782370,100,2021-05-19 09:38:41.030,2708695
SZ.000001,2782381,100,2021-05-19 09:38:41.030,2710704
SZ.000001,2782408,100,2021-05-19 09:38:41.050,2709768
SZ.000001,2782413,100,2021-05-19 09:38:41.050,2708706
SZ.000001,2782436,100,2021-05-19 09:38:41.050,2710067
SZ.000001,2782444,100,2021-05-19 09:38:41.060,2708685
SZ.000001,2782505,100,2021-05-19 09:38:41.080,2708682
SZ.000001,2782619,100,2021-05-19 09:38:41.120,2710551
SZ.000001,2782802,100,2021-05-19 09:38:41.150,2709191
SZ.000001,2782963,100,2021-05-19 09:38:41.210,2710557
SZ.000001,2782969,100,2021-05-19 09:38:41.210,2709478
SZ.000001,2782979,100,2021-05-19 09:38:41.210,2709562
SZ.000001,2783009,100,2021-05-19 09:38:41.220,2709452
SZ.000001,2783027,100,2021-05-19 09:38:41.230,2709930
SZ.000001,2783037,100,2021-05-19 09:38:41.230,2709498
SZ.000001,2783106,100,2021-05-19 09:38:41.260,2710533
SZ.000001,2783153,100,2021-05-19 09:38:41.270,2709475
SZ.000001,2783162,100,2021-05-19 09:38:41.280,2709488
SZ.000001,2783193,100,2021-05-19 09:38:41.290,2709723
SZ.000001,2783581,100,2021-05-19 09:38:41.440,2711599
SZ.000001,2784350,100,2021-05-19 09:38:41.700,2710398
SZ.000001,2785249,200,2021-05-19 09:38:42.010,2432603
SZ.000001,2785695,800,2021-05-19 09:38:42.140,2757349
SZ.000001,2792914,2,2021-05-19 09:38:44.330,2789333
SZ.000001,2798000,2500,2021-05-19 09:38:46.120,2792896
SZ.000001,2802440,2,2021-05-19 09:38:47.640,2799988
SZ.000001,2804619,100,2021-05-19 09:38:48.500,2795985
SZ.000001,2808685,500,2021-05-19 09:38:49.850,475931
SZ.000001,2818421,500,2021-05-19 09:38:53.290,2800004
SZ.000001,2818432,2,2021-05-19 09:38:53.290,2813855
SZ.000001,2818665,2100,2021-05-19 09:38:53.390,2770470
SZ.000001,2820328,100,2021-05-19 09:38:54.010,1201868
SZ.000001,2846883,1600,2021-05-19 09:39:01.920,2793744
SZ.000001,2865807,200,2021-05-19 09:39:06.940,2860000
SZ.000001,2865808,4600,2021-05-19 09:39:06.940,2863522
SZ.000001,2876861,200,2021-05-19 09:39:09.380,458126
SZ.000001,2884552,200,2021-05-19 09:39:10.890,2825699
SZ.000001,2884710,400,2021-05-19 09:39:10.930,2846898
SZ.000001,2888902,2300,2021-05-19 09:39:12.120,2861386
SZ.000001,2890542,4600,2021-05-19 09:39:12.560,2866185
SZ.000001,2890545,200,2021-05-19 09:39:12.560,2866175
SZ.000001,2893066,400,2021-05-19 09:39:13.110,2854981
SZ.000001,2893247,400,2021-05-19 09:39:13.150,2855165
SZ.000001,2900010,1200,2021-05-19 09:39:14.980,2864100
SZ.000001,2903122,1000,2021-05-19 09:39:15.910,2650563
SZ.000001,2903709,700,2021-05-19 09:39:16.040,2885203
SZ.000001,2907680,100,2021-05-19 09:39:17.120,2869435
SZ.000001,2907681,100,2021-05-19 09:39:17.120,2890987
SZ.000001,2907702,2300,2021-05-19 09:39:17.130,2895062
SZ.000001,2908683,400,2021-05-19 09:39:17.370,2542160
SZ.000001,2913789,200,2021-05-19 09:39:18.870,2766748
SZ.000001,2921692,700,2021-05-19 09:39:21.120,2885783
SZ.000001,2923048,900,2021-05-19 09:39:21.550,2863861
SZ.000001,2932820,2600,2021-05-19 09:39:24.230,2912975
SZ.000001,2934232,5400,2021-05-19 09:39:24.650,2890703
SZ.000001,2936623,2000,2021-05-19 09:39:25.150,2799850
SZ.000001,2939260,1200,2021-05-19 09:39:25.840,2927887
SZ.000001,2939464,1200,2021-05-19 09:39:25.910,1470287
SZ.000001,2948670,100,2021-05-19 09:39:28.700,2926278
SZ.000001,2950103,30000,2021-05-19 09:39:29.160,2934066
SZ.000001,2951733,1300,2021-05-19 09:39:29.730,2905924
SZ.000001,2955239,1500,2021-05-19 09:39:30.820,2735756
SZ.000001,2957784,5000,2021-05-19 09:39:31.390,2892442
SZ.000001,2975432,800,2021-05-19 09:39:36.730,2922589
SZ.000001,2976339,100,2021-05-19 09:39:36.950,2864374
SZ.000001,2978712,500,2021-05-19 09:39:37.470,2526089
SZ.000001,2978877,12500,2021-05-19 09:39:37.530,2908149
SZ.000001,2981689,500,2021-05-19 09:39:38.380,2870715
SZ.000001,2985688,1300,2021-05-19 09:39:39.810,2972352
SZ.000001,2985810,10000,2021-05-19 09:39:39.840,2241475
SZ.000001,2994119,4900,2021-05-19 09:39:42.520,2862879
SZ.000001,2998474,700,2021-05-19 09:39:43.610,2984471
SZ.000001,2999603,200,2021-05-19 09:39:43.980,2835150
SZ.000001,3002663,600,2021-05-19 09:39:45.050,2975778
SZ.000001,3003269,100,2021-05-19 09:39:45.270,2887132
SZ.000001,3004348,100,2021-05-19 09:39:45.590,2988451
SZ.000001,3004837,500,2021-05-19 09:39:45.750,2929378
SZ.000001,3005508,11700,2021-05-19 09:39:45.960,2973040
SZ.000001,3007642,200,2021-05-19 09:39:46.490,2895494
SZ.000001,3007906,100,2021-05-19 09:39:46.560,2942158
SZ.000001,3008128,900,2021-05-19 09:39:46.640,2950801
SZ.000001,3008822,600,2021-05-19 09:39:46.890,2973601
SZ.000001,3010677,100,2021-05-19 09:39:47.590,3004247
SZ.000001,3010682,200,2021-05-19 09:39:47.590,2941181
SZ.000001,3015530,500,2021-05-19 09:39:49.220,817895
SZ.000001,3015823,2900,2021-05-19 09:39:49.300,2958192
SZ.000001,3016076,100,2021-05-19 09:39:49.350,3010615
SZ.000001,3016220,300,2021-05-19 09:39:49.380,1236659
SZ.000001,3016334,400,2021-05-19 09:39:49.410,2992457
SZ.000001,3018899,100,2021-05-19 09:39:50.340,3015840
SZ.000001,3020181,100,2021-05-19 09:39:50.860,2994223
SZ.000001,3021832,100,2021-05-19 09:39:51.440,2868642
SZ.000001,3022122,1700,2021-05-19 09:39:51.530,3013185
SZ.000001,3022127,2600,2021-05-19 09:39:51.530,3013188
SZ.000001,3022128,1100,2021-05-19 09:39:51.530,3013186
SZ.000001,3022129,600,2021-05-19 09:39:51.530,3013189
SZ.000001,3022130,1400,2021-05-19 09:39:51.530,3013190
SZ.000001,3022131,700,2021-05-19 09:39:51.530,3013187
SZ.000001,3022159,1500,2021-05-19 09:39:51.530,3013184
SZ.000001,3027187,300,2021-05-19 09:39:52.990,2573058
SZ.000001,3027310,400,2021-05-19 09:39:53.040,2809646
SZ.000001,3027370,1000,2021-05-19 09:39:53.070,2842903
SZ.000001,3030757,1000,2021-05-19 09:39:54.350,2983065
SZ.000001,3031976,1700,2021-05-19 09:39:54.730,2428279
SZ.000001,3032120,3600,2021-05-19 09:39:54.760,2969628
SZ.000001,3033242,700,2021-05-19 09:39:55.090,2833592
SZ.000001,3035213,100,2021-05-19 09:39:55.720,605145
SZ.000001,3039585,10000,2021-05-19 09:39:57.450,2994259
SZ.000001,3045646,20600,2021-05-19 09:39:59.560,2984071
SZ.000001,3046777,600,2021-05-19 09:40:00.020,485708
SZ.000001,3053600,200,2021-05-19 09:40:01.920,2884830
SZ.000001,3053730,2000,2021-05-19 09:40:01.980,1581783
SZ.000001,3066045,100,2021-05-19 09:40:05.800,1692534
SZ.000001,3070456,600,2021-05-19 09:40:07.140,2540524
SZ.000001,3071485,500,2021-05-19 09:40:07.410,2960548
SZ.000001,3071493,200,2021-05-19 09:40:07.410,2960536
SZ.000001,3071577,600,2021-05-19 09:40:07.430,2960598
SZ.000001,3072833,200,2021-05-19 09:40:07.890,3053822
SZ.000001,3072892,200,2021-05-19 09:40:07.920,3053869
SZ.000001,3072894,200,2021-05-19 09:40:07.920,3053830
SZ.000001,3074751,2,2021-05-19 09:40:08.390,3069038
SZ.000001,3075258,500,2021-05-19 09:40:08.550,3019614
SZ.000001,3082177,3400,2021-05-19 09:40:10.080,2951480
SZ.000001,3083130,3500,2021-05-19 09:40:10.280,2934577
SZ.000001,3084061,4000,2021-05-19 09:40:10.480,2812042
SZ.000001,3084465,5000,2021-05-19 09:40:10.580,2281292
SZ.000001,3084949,3300,2021-05-19 09:40:10.680,2241064
SZ.000001,3095073,100,2021-05-19 09:40:13.690,2949646
SZ.000001,3096546,300,2021-05-19 09:40:14.090,441684
SZ.000001,3099792,400,2021-05-19 09:40:15.130,3004388
SZ.000001,3101320,9200,2021-05-19 09:40:15.660,434889
SZ.000001,3119800,1200,2021-05-19 09:40:21.350,2478474
SZ.000001,3141879,500,2021-05-19 09:40:28.420,2132038
SZ.000001,3142818,100,2021-05-19 09:40:28.770,3109280
SZ.000001,3149860,400,2021-05-19 09:40:31.020,3062067
SZ.000001,3150036,3200,2021-05-19 09:40:31.070,3015955
SZ.000001,3151323,4500,2021-05-19 09:40:31.420,3097951
SZ.000001,3152235,1200,2021-05-19 09:40:31.750,3141585
SZ.000001,3155121,1000,2021-05-19 09:40:32.920,1627485
SZ.000001,3160854,8800,2021-05-19 09:40:34.870,3059537
SZ.000001,3161316,1000,2021-05-19 09:40:35.050,2875732
SZ.000001,3168059,1000,2021-05-19 09:40:37.520,520472
SZ.000001,3171325,500,2021-05-19 09:40:38.820,2998209
SZ.000001,3176659,600,2021-05-19 09:40:40.570,3138991
SZ.000001,3185628,100,2021-05-19 09:40:43.820,625383
SZ.000001,3189291,400,2021-05-19 09:40:45.070,3101593
SZ.000001,3195086,13600,2021-05-19 09:40:47.020,3102119
SZ.000001,3195126,300,2021-05-19 09:40:47.030,3101612
SZ.000001,3195128,600,2021-05-19 09:40:47.030,3101662
SZ.000001,3195130,1100,2021-05-19 09:40:47.030,3101145
SZ.000001,3199359,52000,2021-05-19 09:40:48.710,577530
SZ.000001,3207293,500,2021-05-19 09:40:51.560,2879932
SZ.000001,3207294,200,2021-05-19 09:40:51.560,2879930
SZ.000001,3207331,600,2021-05-19 09:40:51.580,2880074
SZ.000001,3207602,200,2021-05-19 09:40:51.680,3004960
SZ.000001,3214286,300,2021-05-19 09:40:54.100,1170820
SZ.000001,3224430,200,2021-05-19 09:40:57.840,3118714
SZ.000001,3227551,5000,2021-05-19 09:40:59.000,3110256
SZ.000001,3228200,4100,2021-05-19 09:40:59.220,3153009
SZ.000001,3228374,2700,2021-05-19 09:40:59.290,3090516
SZ.000001,3229018,1800,2021-05-19 09:40:59.550,3142667
SZ.000001,3230443,100,2021-05-19 09:41:00.040,2165743
SZ.000001,3239556,500,2021-05-19 09:41:02.780,1536234
SZ.000001,3248631,2200,2021-05-19 09:41:05.580,3085478
SZ.000001,3251323,600,2021-05-19 09:41:06.610,1467008
SZ.000001,3266517,700,2021-05-19 09:41:11.250,3122397
SZ.000001,3266921,3100,2021-05-19 09:41:11.400,3119925
SZ.000001,3277168,600,2021-05-19 09:41:14.680,2179410
SZ.000001,3280082,14000,2021-05-19 09:41:15.760,3140851
SZ.000001,3281043,2,2021-05-19 09:41:16.040,3274905
SZ.000001,3285696,1000,2021-05-19 09:41:17.660,483934
SZ.000001,3287888,1600,2021-05-19 09:41:18.470,2322697
SZ.000001,3298496,5400,2021-05-19 09:41:21.670,3180822
SZ.000001,3304700,15200,2021-05-19 09:41:23.560,3211258
SZ.000001,3305413,500,2021-05-19 09:41:23.810,3124267
SZ.000001,3323098,2000,2021-05-19 09:41:29.210,3063618
SZ.000001,3328526,200,2021-05-19 09:41:31.130,2410306
SZ.000001,3342093,11779,2021-05-19 09:41:36.050,3246342
SZ.000001,3343465,3200,2021-05-19 09:41:36.590,3264086
SZ.000001,3347345,100,2021-05-19 09:41:37.900,3063363
SZ.000001,3354926,1000,2021-05-19 09:41:40.650,1637834
SZ.000001,3367414,400,2021-05-19 09:41:45.160,3190714
SZ.000001,3374435,100,2021-05-19 09:41:47.550,3168842
SZ.000001,3376777,100,2021-05-19 09:41:48.330,3283000
SZ.000001,3376811,600,2021-05-19 09:41:48.350,3283036
SZ.000001,3377325,1500,2021-05-19 09:41:48.560,3151858
SZ.000001,3377685,13700,2021-05-19 09:41:48.690,3283595
SZ.000001,3378751,500,2021-05-19 09:41:48.960,3302165
SZ.000001,3381676,500,2021-05-19 09:41:49.890,3114124
SZ.000001,3382738,1000,2021-05-19 09:41:50.270,3220659
SZ.000001,3382897,3000,2021-05-19 09:41:50.370,2941270
SZ.000001,3385608,2500,2021-05-19 09:41:51.550,3377269
SZ.000001,3385834,5400,2021-05-19 09:41:51.620,3301539
SZ.000001,3390613,1000,2021-05-19 09:41:53.200,3155154
SZ.000001,3390738,500,2021-05-19 09:41:53.250,3376815
SZ.000001,3393729,1000,2021-05-19 09:41:54.470,619284
SZ.000001,3393897,2600,2021-05-19 09:41:54.530,3377265
SZ.000001,3394835,100,2021-05-19 09:41:54.820,3380350
SZ.000001,3396522,100,2021-05-19 09:41:55.330,1864632
SZ.000001,3398634,1000,2021-05-19 09:41:56.080,3032105
SZ.000001,3399464,700,2021-05-19 09:41:56.410,799813
SZ.000001,3404191,200,2021-05-19 09:41:58.200,3374576
SZ.000001,3404767,200,2021-05-19 09:41:58.380,3210044
SZ.000001,3405970,1000,2021-05-19 09:41:58.830,3329332
SZ.000001,3411293,14000,2021-05-19 09:42:00.770,3282449
SZ.000001,3411454,4400,2021-05-19 09:42:00.810,3347761
SZ.000001,3415849,1300,2021-05-19 09:42:02.270,1348833
SZ.000001,3419855,500,2021-05-19 09:42:03.800,3154208
SZ.000001,3420574,300,2021-05-19 09:42:04.030,3352353
SZ.000001,3422703,600,2021-05-19 09:42:04.700,2158360
SZ.000001,3423829,500,2021-05-19 09:42:05.090,2166663
SZ.000001,3424760,400,2021-05-19 09:42:05.340,3160450
SZ.000001,3430621,1000,2021-05-19 09:42:07.440,1697826
SZ.000001,3431720,700,2021-05-19 09:42:07.890,3423225
SZ.000001,3431732,500,2021-05-19 09:42:07.890,3423228
SZ.000001,3431759,200,2021-05-19 09:42:07.900,3414892
SZ.000001,3431768,200,2021-05-19 09:42:07.900,3414904
SZ.000001,3431790,200,2021-05-19 09:42:07.900,3423275
SZ.000001,3431864,200,2021-05-19 09:42:07.930,3423282
SZ.000001,3431866,500,2021-05-19 09:42:07.930,3423283
SZ.000001,3431884,200,2021-05-19 09:42:07.940,3414997
SZ.000001,3431892,400,2021-05-19 09:42:07.940,3414910
SZ.000001,3431915,700,2021-05-19 09:42:07.940,3414931
SZ.000001,3431978,200,2021-05-19 09:42:07.970,3423381
SZ.000001,3434989,3200,2021-05-19 09:42:09.060,3226298
SZ.000001,3435783,100,2021-05-19 09:42:09.420,3433025
SZ.000001,3438090,100,2021-05-19 09:42:10.200,628279
SZ.000001,3439868,700,2021-05-19 09:42:10.840,3425060
SZ.000001,3441259,4500,2021-05-19 09:42:11.370,3355082
SZ.000001,3447081,100,2021-05-19 09:42:13.480,529710
SZ.000001,3465837,300,2021-05-19 09:42:20.100,3413696
SZ.000001,3470992,1000,2021-05-19 09:42:22.040,3442338
SZ.000001,3471540,200,2021-05-19 09:42:22.190,2187930
SZ.000001,3481324,31000,2021-05-19 09:42:25.560,3148684
SZ.000001,3481425,300,2021-05-19 09:42:25.610,3123235
SZ.000001,3487624,100,2021-05-19 09:42:27.990,2387104
SZ.000001,3494272,100,2021-05-19 09:42:30.410,3476047
SZ.000001,3496134,500,2021-05-19 09:42:31.020,3422709
SZ.000001,3509053,500,2021-05-19 09:42:35.800,2010987
SZ.000001,3510058,500,2021-05-19 09:42:36.260,3355755
SZ.000001,3513824,200,2021-05-19 09:42:37.640,3043186
SZ.000001,3515534,100,2021-05-19 09:42:38.460,3385116
SZ.000001,3515539,100,2021-05-19 09:42:38.460,1405766
SZ.000001,3516811,4100,2021-05-19 09:42:39.080,3338637
SZ.000001,3519134,200,2021-05-19 09:42:39.970,3006533
SZ.000001,3520457,200,2021-05-19 09:42:40.360,1108073
SZ.000001,3521919,800,2021-05-19 09:42:40.950,398945
SZ.000001,3521920,200,2021-05-19 09:42:40.950,398832
SZ.000001,3521921,800,2021-05-19 09:42:40.950,398851
SZ.000001,3521960,700,2021-05-19 09:42:40.980,562019
SZ.000001,3524067,100,2021-05-19 09:42:41.860,3513213
SZ.000001,3525647,400,2021-05-19 09:42:42.520,403435
SZ.000001,3527221,500,2021-05-19 09:42:42.970,403369
SZ.000001,3527309,100,2021-05-19 09:42:43.000,3336790
SZ.000001,3534643,13800,2021-05-19 09:42:45.770,3520849
SZ.000001,3534722,500,2021-05-19 09:42:45.790,3100736
SZ.000001,3536973,14500,2021-05-19 09:42:46.480,3285035
SZ.000001,3538462,1500,2021-05-19 09:42:47.090,3064526
SZ.000001,3538793,100,2021-05-19 09:42:47.190,408380
SZ.000001,3543936,100,2021-05-19 09:42:49.000,2996409
SZ.000001,3550267,1000,2021-05-19 09:42:51.450,3492192
SZ.000001,3550919,7000,2021-05-19 09:42:51.630,3443191
SZ.000001,3561837,200,2021-05-19 09:42:55.610,3521070
SZ.000001,3563974,100,2021-05-19 09:42:56.520,3476953
SZ.000001,3563975,600,2021-05-19 09:42:56.520,3514178
SZ.000001,3565634,100,2021-05-19 09:42:57.330,3223058
SZ.000001,3566122,500,2021-05-19 09:42:57.540,560614
SZ.000001,3569512,100,2021-05-19 09:42:58.800,3540086
SZ.000001,3570109,300,2021-05-19 09:42:59.100,2500911
SZ.000001,3572706,400,2021-05-19 09:43:00.140,3369517
SZ.000001,3579998,100,2021-05-19 09:43:02.500,2979221
SZ.000001,3580570,500,2021-05-19 09:43:02.740,3460433
SZ.000001,3583424,300,2021-05-19 09:43:03.770,3341384
SZ.000001,3589457,100,2021-05-19 09:43:05.630,3425704
SZ.000001,3592092,8500,2021-05-19 09:43:06.600,3557539
SZ.000001,3595651,100,2021-05-19 09:43:07.530,2820253
SZ.000001,3596181,1000,2021-05-19 09:43:07.700,436238
SZ.000001,3598167,300,2021-05-19 09:43:08.370,3090594
SZ.000001,3600549,200,2021-05-19 09:43:09.230,3474823
SZ.000001,3608945,12600,2021-05-19 09:43:11.980,3521326
SZ.000001,3609140,1000,2021-05-19 09:43:12.040,3185065
SZ.000001,3623102,100,2021-05-19 09:43:16.970,1165703
SZ.000001,3636208,200,2021-05-19 09:43:22.060,3265704
SZ.000001,3637148,500,2021-05-19 09:43:22.310,3566592
SZ.000001,3637431,300,2021-05-19 09:43:22.360,3261809
SZ.000001,3639901,800,2021-05-19 09:43:23.460,3138180
SZ.000001,3645542,400,2021-05-19 09:43:25.340,3621423
SZ.000001,3645708,400,2021-05-19 09:43:25.380,3621603
SZ.000001,3651823,3900,2021-05-19 09:43:27.760,3351254
SZ.000001,3656564,100,2021-05-19 09:43:29.680,1667894
SZ.000001,3659330,13800,2021-05-19 09:43:30.760,3537112
SZ.000001,3664314,200,2021-05-19 09:43:32.580,3580525
SZ.000001,3671939,2000,2021-05-19 09:43:35.180,755158
SZ.000001,3673402,400,2021-05-19 09:43:35.760,3648811
SZ.000001,3673458,400,2021-05-19 09:43:35.790,3648869
SZ.000001,3673534,300,2021-05-19 09:43:35.830,3639814
SZ.000001,3674189,100,2021-05-19 09:43:36.120,3361463
SZ.000001,3677326,100,2021-05-19 09:43:37.170,3673216
SZ.000001,3678312,200,2021-05-19 09:43:37.500,3643255
SZ.000001,3679650,100,2021-05-19 09:43:38.050,3066041
SZ.000001,3687492,1000,2021-05-19 09:43:41.000,3647468
SZ.000001,3694509,400,2021-05-19 09:43:43.630,3444661
SZ.000001,3699065,500,2021-05-19 09:43:45.520,3193597
SZ.000001,3699210,100,2021-05-19 09:43:45.560,3691113
SZ.000001,3701175,1000,2021-05-19 09:43:46.220,2073888
SZ.000001,3708517,2000,2021-05-19 09:43:49.030,1381846
SZ.000001,3710724,200,2021-05-19 09:43:49.890,3695062
SZ.000001,3710755,300,2021-05-19 09:43:49.900,3695049
SZ.000001,3713887,100,2021-05-19 09:43:51.360,3672835
SZ.000001,3715466,500,2021-05-19 09:43:51.930,3162683
SZ.000001,3717457,1000,2021-05-19 09:43:52.610,1910709
SZ.000001,3717644,5000,2021-05-19 09:43:52.710,3293277
SZ.000001,3726827,300,2021-05-19 09:43:56.390,3134696
SZ.000001,3729040,500,2021-05-19 09:43:57.470,3115155
SZ.000001,3729781,400,2021-05-19 09:43:57.770,3663355
SZ.000001,3730230,1600,2021-05-19 09:43:57.940,1957414
SZ.000001,3731252,100,2021-05-19 09:43:58.320,3658348
SZ.000001,3736642,4644,2021-05-19 09:44:00.560,3654030
SZ.000001,3737044,100,2021-05-19 09:44:00.700,3505486
SZ.000001,3739005,1000,2021-05-19 09:44:01.320,2224220
SZ.000001,3740060,1000,2021-05-19 09:44:01.750,2656703
SZ.000001,3747579,200,2021-05-19 09:44:04.370,3713185
SZ.000001,3753198,6200,2021-05-19 09:44:06.600,3663730
SZ.000001,3757220,10000,2021-05-19 09:44:08.070,3625858
SZ.000001,3764839,200,2021-05-19 09:44:10.900,3748974
SZ.000001,3764956,300,2021-05-19 09:44:10.940,3749054
SZ.000001,3770618,200,2021-05-19 09:44:13.150,3640715
SZ.000001,3777034,6100,2021-05-19 09:44:15.770,3662209
SZ.000001,3777430,2500,2021-05-19 09:44:15.900,759594
SZ.000001,3785688,9000,2021-05-19 09:44:19.110,3743979
SZ.000001,3791397,100,2021-05-19 09:44:21.500,3776424
SZ.000001,3791800,200,2021-05-19 09:44:21.660,3696541
SZ.000001,3796021,400,2021-05-19 09:44:23.190,3773269
SZ.000001,3796023,400,2021-05-19 09:44:23.190,3773272
SZ.000001,3796092,400,2021-05-19 09:44:23.230,3773380
SZ.000001,3799321,700,2021-05-19 09:44:24.620,3784445
SZ.000001,3802955,100,2021-05-19 09:44:25.810,461129
SZ.000001,3804758,700,2021-05-19 09:44:26.600,3779610
SZ.000001,3812104,1000,2021-05-19 09:44:29.660,3778610
SZ.000001,3813341,500,2021-05-19 09:44:30.240,2687086
SZ.000001,3823232,10000,2021-05-19 09:44:34.530,3145925
SZ.000001,3835492,2600,2021-05-19 09:44:40.080,3779919
SZ.000001,3838828,200,2021-05-19 09:44:41.450,3789661
SZ.000001,3840361,14700,2021-05-19 09:44:42.160,2690179
SZ.000001,3840835,100,2021-05-19 09:44:42.430,3634195
SZ.000001,3854336,14900,2021-05-19 09:44:47.610,3779573
SZ.000001,3855690,300,2021-05-19 09:44:48.360,3537008
SZ.000001,3860020,1000,2021-05-19 09:44:49.970,3806985
SZ.000001,3861916,500,2021-05-19 09:44:50.740,3210635
SZ.000001,3865143,8400,2021-05-19 09:44:52.050,3169385
SZ.000001,3876425,5700,2021-05-19 09:44:56.510,3773657
SZ.000001,3876555,1100,2021-05-19 09:44:56.580,3827888
SZ.000001,3883536,1000,2021-05-19 09:44:59.210,2960674
SZ.000001,3886186,14500,2021-05-19 09:45:00.320,970059
SZ.000001,3886233,100,2021-05-19 09:45:00.330,3781566
SZ.000001,3887545,7500,2021-05-19 09:45:00.780,3794722
SZ.000001,3887553,300,2021-05-19 09:45:00.780,3039005
SZ.000001,3891105,14500,2021-05-19 09:45:01.800,945379
SZ.000001,3891112,14600,2021-05-19 09:45:01.800,993198
SZ.000001,3891117,14500,2021-05-19 09:45:01.800,981056
SZ.000001,3891129,14500,2021-05-19 09:45:01.800,958728
SZ.000001,3891181,14500,2021-05-19 09:45:01.830,934199
SZ.000001,3894510,100,2021-05-19 09:45:03.200,2052041
SZ.000001,3894881,9000,2021-05-19 09:45:03.380,1040974
SZ.000001,3895199,4863,2021-05-19 09:45:03.500,3830295
SZ.000001,3899993,9000,2021-05-19 09:45:04.890,1018063
SZ.000001,3900003,8900,2021-05-19 09:45:04.890,1029063
SZ.000001,3900009,8900,2021-05-19 09:45:04.890,1008328
SZ.000001,3900030,9000,2021-05-19 09:45:04.890,1050444
SZ.000001,3900246,3000,2021-05-19 09:45:04.970,3620645
SZ.000001,3902877,100,2021-05-19 09:45:06.000,3888319
SZ.000001,3903510,100,2021-05-19 09:45:06.210,3776825
SZ.000001,3903684,9000,2021-05-19 09:45:06.280,1061231
SZ.000001,3905707,400,2021-05-19 09:45:06.930,3800720
SZ.000001,3909276,300,2021-05-19 09:45:07.920,3768164
SZ.000001,3913486,1000,2021-05-19 09:45:09.380,3863347
SZ.000001,3914839,4000,2021-05-19 09:45:09.820,3802326
SZ.000001,3927601,2200,2021-05-19 09:45:14.100,3924395
SZ.000001,3928343,700,2021-05-19 09:45:14.340,2944891
SZ.000001,3934055,300,2021-05-19 09:45:16.230,2376890
SZ.000001,3934527,4800,2021-05-19 09:45:16.360,3840479
SZ.000001,3936354,300,2021-05-19 09:45:16.850,3907890
SZ.000001,3941367,600,2021-05-19 09:45:18.670,3904934
SZ.000001,3946308,200,2021-05-19 09:45:20.150,3936000
SZ.000001,3948156,400,2021-05-19 09:45:20.830,3401855
SZ.000001,3958509,300,2021-05-19 09:45:24.320,3890406
SZ.000001,3966348,300,2021-05-19 09:45:26.960,3777080
SZ.000001,3972763,1800,2021-05-19 09:45:29.060,3945758
SZ.000001,3973551,600,2021-05-19 09:45:29.340,2092662
SZ.000001,3975833,2500,2021-05-19 09:45:30.300,3972396
SZ.000001,3987192,3500,2021-05-19 09:45:34.320,3949593
SZ.000001,3988049,3500,2021-05-19 09:45:34.570,3558201
SZ.000001,3989452,1000,2021-05-19 09:45:35.100,3506255
SZ.000001,3992846,300,2021-05-19 09:45:36.610,3980337
SZ.000001,3993802,1300,2021-05-19 09:45:36.920,3985180
SZ.000001,3994531,500,2021-05-19 09:45:37.150,3984496
SZ.000001,4002871,1100,2021-05-19 09:45:40.240,3941392
SZ.000001,4013742,100,2021-05-19 09:45:44.330,3740169
SZ.000001,4024079,2200,2021-05-19 09:45:48.580,3860971
SZ.000001,4027038,1700,2021-05-19 09:45:49.480,3745447
SZ.000001,4034051,1000,2021-05-19 09:45:52.340,894034
SZ.000001,4036654,1200,2021-05-19 09:45:53.460,3898638
SZ.000001,4039250,1000,2021-05-19 09:45:54.600,4003734
SZ.000001,4040814,100,2021-05-19 09:45:55.010,3975578
SZ.000001,4046887,100,2021-05-19 09:45:57.560,3984565
SZ.000001,4050382,3300,2021-05-19 09:45:58.720,4035829
SZ.000001,4052132,5400,2021-05-19 09:45:59.500,4043989
SZ.000001,4053434,300,2021-05-19 09:46:00.060,3940976
SZ.000001,4053770,5700,2021-05-19 09:46:00.190,4050066
SZ.000001,4054504,500,2021-05-19 09:46:00.450,3953473
SZ.000001,4056972,400,2021-05-19 09:46:01.180,4028751
SZ.000001,4058883,7900,2021-05-19 09:46:01.820,4052143
SZ.000001,4058927,20300,2021-05-19 09:46:01.850,4053856
SZ.000001,4063851,100,2021-05-19 09:46:03.730,4012912
SZ.000001,4068736,100,2021-05-19 09:46:05.390,4041763
SZ.000001,4075971,200,2021-05-19 09:46:07.820,4053519
SZ.000001,4076468,1000,2021-05-19 09:46:08.010,4051947
SZ.000001,4079101,100,2021-05-19 09:46:08.880,4026437
SZ.000001,4079242,3300,2021-05-19 09:46:08.940,4060923
SZ.000001,4080516,1000,2021-05-19 09:46:09.360,4012324
SZ.000001,4083003,2500,2021-05-19 09:46:10.060,3726750
SZ.000001,4086698,2500,2021-05-19 09:46:11.230,3745215
SZ.000001,4087249,11000,2021-05-19 09:46:11.420,4003746
SZ.000001,4087394,500,2021-05-19 09:46:11.480,2533005
SZ.000001,4095513,300,2021-05-19 09:46:14.190,3542600
SZ.000001,4096279,400,2021-05-19 09:46:14.470,4071517
SZ.000001,4098287,100,2021-05-19 09:46:15.390,4054498
SZ.000001,4108886,600,2021-05-19 09:46:18.990,4051574
SZ.000001,4115114,500,2021-05-19 09:46:21.100,1628736
SZ.000001,4115270,200,2021-05-19 09:46:21.190,4040698
SZ.000001,4116054,5400,2021-05-19 09:46:21.560,4033562
SZ.000001,4117848,100,2021-05-19 09:46:22.130,2027358
SZ.000001,4119413,100,2021-05-19 09:46:22.630,4061593
SZ.000001,4122127,12900,2021-05-19 09:46:23.640,4034635
SZ.000001,4123650,500,2021-05-19 09:46:24.400,376639
SZ.000001,4131818,8000,2021-05-19 09:46:27.280,1645578
SZ.000001,4135578,3000,2021-05-19 09:46:28.420,1955855
SZ.000001,4135804,500,2021-05-19 09:46:28.520,376568
SZ.000001,4136656,1000,2021-05-19 09:46:28.860,4074129
SZ.000001,4141620,14000,2021-05-19 09:46:30.760,4067186
SZ.000001,4144699,200,2021-05-19 09:46:31.570,3917173
SZ.000001,4146326,19432,2021-05-19 09:46:32.290,3442209
SZ.000001,4148232,500,2021-05-19 09:46:33.160,2806945
SZ.000001,4149063,300,2021-05-19 09:46:33.540,4054557
SZ.000001,4149676,400,2021-05-19 09:46:33.730,4003887
SZ.000001,4154488,500,2021-05-19 09:46:35.130,4121977
SZ.000001,4156126,4700,2021-05-19 09:46:35.820,4065610
SZ.000001,4156149,12400,2021-05-19 09:46:35.830,4066488
SZ.000001,4156186,400,2021-05-19 09:46:35.850,4066164
SZ.000001,4156189,600,2021-05-19 09:46:35.850,4066166
SZ.000001,4159076,100,2021-05-19 09:46:36.930,4119390
SZ.000001,4161793,100,2021-05-19 09:46:37.900,3347558
SZ.000001,4161847,200,2021-05-19 09:46:37.920,3347541
SZ.000001,4165609,1000,2021-05-19 09:46:39.620,625183
SZ.000001,4170410,300,2021-05-19 09:46:41.120,3918806
SZ.000001,4171518,400,2021-05-19 09:46:41.520,2728254
SZ.000001,4176548,2000,2021-05-19 09:46:43.400,3576264
SZ.000001,4176703,500,2021-05-19 09:46:43.440,376632
SZ.000001,4177522,2100,2021-05-19 09:46:43.800,3078192
SZ.000001,4178032,600,2021-05-19 09:46:44.010,2442682
SZ.000001,4183640,300,2021-05-19 09:46:46.110,1028408
SZ.000001,4188928,1000,2021-05-19 09:46:48.050,3601112
SZ.000001,4189090,100,2021-05-19 09:46:48.120,512766
SZ.000001,4191311,500,2021-05-19 09:46:48.930,4118582
SZ.000001,4195301,2000,2021-05-19 09:46:50.050,2165462
SZ.000001,4204700,300,2021-05-19 09:46:53.640,2807446
SZ.000001,4206789,1600,2021-05-19 09:46:54.490,462750
SZ.000001,4210160,1000,2021-05-19 09:46:55.530,2452094
SZ.000001,4212662,1800,2021-05-19 09:46:56.490,2051814
SZ.000001,4214216,4000,2021-05-19 09:46:57.210,1351374
SZ.000001,4217375,1000,2021-05-19 09:46:58.380,4024897
SZ.000001,4218338,4800,2021-05-19 09:46:58.820,1993038
SZ.000001,4219974,1500,2021-05-19 09:46:59.500,4194421
SZ.000001,4224503,7300,2021-05-19 09:47:01.100,2575341
SZ.000001,4232583,100,2021-05-19 09:47:04.000,3336855
SZ.000001,4233745,900,2021-05-19 09:47:04.280,4065941
SZ.000001,4234183,2000,2021-05-19 09:47:04.400,1222202
SZ.000001,4237221,1000,2021-05-19 09:47:05.310,3292113
SZ.000001,4237995,200,2021-05-19 09:47:05.590,3758466
SZ.000001,4243713,1200,2021-05-19 09:47:07.460,4040142
SZ.000001,4243714,3200,2021-05-19 09:47:07.460,4040449
SZ.000001,4248743,300,2021-05-19 09:47:09.180,3460434
SZ.000001,4254218,700,2021-05-19 09:47:10.850,3943835
SZ.000001,4254919,700,2021-05-19 09:47:11.120,4086365
SZ.000001,4256074,400,2021-05-19 09:47:11.550,2820348
SZ.000001,4258962,100,2021-05-19 09:47:12.540,4204182
SZ.000001,4259262,200,2021-05-19 09:47:12.620,4124020
SZ.000001,4259640,500,2021-05-19 09:47:12.730,592112
SZ.000001,4260549,7200,2021-05-19 09:47:12.960,4243735
SZ.000001,4262708,1700,2021-05-19 09:47:13.510,4260657
SZ.000001,4262796,1700,2021-05-19 09:47:13.550,4262763
SZ.000001,4262802,100,2021-05-19 09:47:13.560,4262795
SZ.000001,4263076,1700,2021-05-19 09:47:13.620,4262811
SZ.000001,4263980,100,2021-05-19 09:47:13.910,3347551
SZ.000001,4266341,1300,2021-05-19 09:47:14.710,2643448
SZ.000001,4267460,1700,2021-05-19 09:47:15.110,4266750
SZ.000001,4268646,1200,2021-05-19 09:47:15.510,4252790
SZ.000001,4268680,1700,2021-05-19 09:47:15.520,4267494
SZ.000001,4268823,4200,2021-05-19 09:47:15.560,4253698
SZ.000001,4269887,500,2021-05-19 09:47:15.850,4251672
SZ.000001,4270963,600,2021-05-19 09:47:16.110,4256451
SZ.000001,4272130,2100,2021-05-19 09:47:16.330,4257357
SZ.000001,4273170,100,2021-05-19 09:47:16.620,4246701
SZ.000001,4274054,8500,2021-05-19 09:47:16.880,2245124
SZ.000001,4279619,200,2021-05-19 09:47:18.670,2389266
SZ.000001,4284853,1300,2021-05-19 09:47:20.300,393356
SZ.000001,4296927,200,2021-05-19 09:47:24.790,1456832
SZ.000001,4305319,600,2021-05-19 09:47:27.920,4128926
SZ.000001,4306870,1000,2021-05-19 09:47:28.350,4237143
SZ.000001,4309581,14500,2021-05-19 09:47:29.350,4266747
SZ.000001,4310154,100,2021-05-19 09:47:29.630,995936
SZ.000001,4310207,300,2021-05-19 09:47:29.660,3832453
SZ.000001,4311155,1000,2021-05-19 09:47:30.070,552656
SZ.000001,4312497,900,2021-05-19 09:47:30.600,4257069
SZ.000001,4312500,600,2021-05-19 09:47:30.600,4257072
SZ.000001,4312544,500,2021-05-19 09:47:30.630,4257186
SZ.000001,4314019,6333,2021-05-19 09:47:31.120,4263790
SZ.000001,4314320,600,2021-05-19 09:47:31.200,4294394
SZ.000001,4316598,1000,2021-05-19 09:47:32.050,3937231
SZ.000001,4316623,500,2021-05-19 09:47:32.060,4256238
SZ.000001,4316624,200,2021-05-19 09:47:32.060,4256239
SZ.000001,4316833,2600,2021-05-19 09:47:32.170,2800471
SZ.000001,4318895,1200,2021-05-19 09:47:33.170,4256339
SZ.000001,4318896,700,2021-05-19 09:47:33.170,4256340
SZ.000001,4319645,1500,2021-05-19 09:47:33.500,4258862
SZ.000001,4319646,1400,2021-05-19 09:47:33.500,4258864
SZ.000001,4319647,600,2021-05-19 09:47:33.500,4258827
SZ.000001,4319648,600,2021-05-19 09:47:33.500,4258826
SZ.000001,4319654,200,2021-05-19 09:47:33.500,4258842
SZ.000001,4319655,700,2021-05-19 09:47:33.500,4258843
SZ.000001,4319656,200,2021-05-19 09:47:33.500,4258828
SZ.000001,4319657,800,2021-05-19 09:47:33.500,4258846
SZ.000001,4319662,500,2021-05-19 09:47:33.510,4258889
SZ.000001,4319663,500,2021-05-19 09:47:33.510,4258869
SZ.000001,4319664,1200,2021-05-19 09:47:33.510,4258871
SZ.000001,4319665,200,2021-05-19 09:47:33.510,4258870
SZ.000001,4319808,200,2021-05-19 09:47:33.550,4229546
SZ.000001,4319809,500,2021-05-19 09:47:33.550,4229578
SZ.000001,4319850,600,2021-05-19 09:47:33.570,4230280
SZ.000001,4319851,1200,2021-05-19 09:47:33.570,4230281
SZ.000001,4319981,200,2021-05-19 09:47:33.650,4273224
SZ.000001,4319985,100,2021-05-19 09:47:33.650,4273234
SZ.000001,4326396,7400,2021-05-19 09:47:36.220,4248036
SZ.000001,4326452,1000,2021-05-19 09:47:36.250,2522748
SZ.000001,4327563,600,2021-05-19 09:47:36.720,4272146
SZ.000001,4327570,1200,2021-05-19 09:47:36.720,4327153
SZ.000001,4331769,3000,2021-05-19 09:47:38.250,4200128
SZ.000001,4341025,8600,2021-05-19 09:47:41.920,4315214
SZ.000001,4345284,7200,2021-05-19 09:47:43.720,4327778
SZ.000001,4346651,4500,2021-05-19 09:47:44.340,3347581
SZ.000001,4349713,200,2021-05-19 09:47:45.710,801439
SZ.000001,4350270,300,2021-05-19 09:47:45.970,2232702
SZ.000001,4352333,400,2021-05-19 09:47:46.650,1205921
SZ.000001,4359016,300,2021-05-19 09:47:49.660,4317912
SZ.000001,4360739,300,2021-05-19 09:47:50.350,2021513
SZ.000001,4362641,100,2021-05-19 09:47:51.260,4031587
SZ.000001,4363302,7000,2021-05-19 09:47:51.550,4290569
SZ.000001,4369241,2000,2021-05-19 09:47:54.010,3153137
SZ.000001,4371827,500,2021-05-19 09:47:55.110,435078
SZ.000001,4374260,2200,2021-05-19 09:47:56.010,1534947
SZ.000001,4375972,500,2021-05-19 09:47:56.840,4290924
SZ.000001,4377437,800,2021-05-19 09:47:57.540,4375110
SZ.000001,4386506,3200,2021-05-19 09:48:01.060,4280858
SZ.000001,4389645,100,2021-05-19 09:48:02.210,4026668
SZ.000001,4390643,700,2021-05-19 09:48:02.640,4352023
SZ.000001,4391365,300,2021-05-19 09:48:02.990,4261686
SZ.000001,4392949,300,2021-05-19 09:48:03.530,4321475
SZ.000001,4397213,200,2021-05-19 09:48:05.110,1617388
SZ.000001,4401107,1900,2021-05-19 09:48:06.730,3851506
SZ.000001,4405208,600,2021-05-19 09:48:08.060,2215920
SZ.000001,4405478,400,2021-05-19 09:48:08.170,535501
SZ.000001,4406245,300,2021-05-19 09:48:08.410,4348875
SZ.000001,4407514,100,2021-05-19 09:48:08.960,4357884
SZ.000001,4411858,500,2021-05-19 09:48:10.410,584995
SZ.000001,4412037,1000,2021-05-19 09:48:10.470,4351687
SZ.000001,4416070,18000,2021-05-19 09:48:12.240,525551
SZ.000001,4420257,100,2021-05-19 09:48:13.710,4408095
SZ.000001,4422038,100,2021-05-19 09:48:14.480,4417610
SZ.000001,4422207,4800,2021-05-19 09:48:14.570,394997
SZ.000001,4422524,200,2021-05-19 09:48:14.690,4345799
SZ.000001,4425576,100,2021-05-19 09:48:15.930,4421891
SZ.000001,4428854,100,2021-05-19 09:48:17.170,1533058
SZ.000001,4431289,500,2021-05-19 09:48:18.190,3247805
SZ.000001,4431733,2400,2021-05-19 09:48:18.370,1016263
SZ.000001,4432028,100,2021-05-19 09:48:18.500,4425263
SZ.000001,4432305,2000,2021-05-19 09:48:18.590,4385288
SZ.000001,4432339,100,2021-05-19 09:48:18.600,4431806
SZ.000001,4433963,3800,2021-05-19 09:48:19.030,4365629
SZ.000001,4436774,100,2021-05-19 09:48:20.100,4063564
SZ.000001,4438580,400,2021-05-19 09:48:20.880,1209047
SZ.000001,4443126,2200,2021-05-19 09:48:22.730,4374379
SZ.000001,4443401,100,2021-05-19 09:48:22.860,3713102
SZ.000001,4443871,200,2021-05-19 09:48:23.050,2296507
SZ.000001,4443911,100,2021-05-19 09:48:23.080,4423276
SZ.000001,4444171,100,2021-05-19 09:48:23.180,4421264
SZ.000001,4444420,100,2021-05-19 09:48:23.300,4358824
SZ.000001,4444695,100,2021-05-19 09:48:23.420,4345044
SZ.000001,4445230,100,2021-05-19 09:48:23.670,4373214
SZ.000001,4445809,300,2021-05-19 09:48:23.960,4403335
SZ.000001,4445942,2300,2021-05-19 09:48:24.040,4287513
SZ.000001,4450367,9000,2021-05-19 09:48:25.780,1879776
SZ.000001,4451492,100,2021-05-19 09:48:26.210,4444114
SZ.000001,4452651,4000,2021-05-19 09:48:26.660,4415797
SZ.000001,4454918,100,2021-05-19 09:48:27.660,2989699
SZ.000001,4458334,100,2021-05-19 09:48:28.900,4264162
SZ.000001,4458996,100,2021-05-19 09:48:29.140,4451456
SZ.000001,4459088,100,2021-05-19 09:48:29.160,4458929
SZ.000001,4473662,1000,2021-05-19 09:48:34.870,2835467
SZ.000001,4473896,200,2021-05-19 09:48:34.990,4425978
SZ.000001,4477415,500,2021-05-19 09:48:36.720,4433972
SZ.000001,4482986,1000,2021-05-19 09:48:39.030,2640707
SZ.000001,4484911,300,2021-05-19 09:48:39.830,386574
SZ.000001,4486991,100,2021-05-19 09:48:40.550,4460067
SZ.000001,4496677,200,2021-05-19 09:48:44.790,1356099
SZ.000001,4497709,100,2021-05-19 09:48:45.270,4411544
SZ.000001,4500346,300,2021-05-19 09:48:46.210,4482122
SZ.000001,4502318,100,2021-05-19 09:48:46.980,4450934
SZ.000001,4502449,800,2021-05-19 09:48:47.050,4451121
SZ.000001,4508305,200,2021-05-19 09:48:49.420,4480432
SZ.000001,4510306,100,2021-05-19 09:48:50.390,3037612
SZ.000001,4511406,1000,2021-05-19 09:48:50.880,1572981
SZ.000001,4512725,100,2021-05-19 09:48:51.510,3145095
SZ.000001,4516371,1000,2021-05-19 09:48:53.000,2364133
SZ.000001,4518971,1000,2021-05-19 09:48:54.050,4457626
SZ.000001,4540097,14500,2021-05-19 09:49:02.170,4516543
SZ.000001,4541393,100,2021-05-19 09:49:02.770,3303086
SZ.000001,4542172,3000,2021-05-19 09:49:03.080,4415475
SZ.000001,4544206,1300,2021-05-19 09:49:03.800,4544187
SZ.000001,4547340,4500,2021-05-19 09:49:04.830,4490672
SZ.000001,4549649,100,2021-05-19 09:49:05.890,4544262
SZ.000001,4549650,200,2021-05-19 09:49:05.890,4544259
SZ.000001,4549667,300,2021-05-19 09:49:05.900,4544216
SZ.000001,4549687,100,2021-05-19 09:49:05.900,4544249
SZ.000001,4549690,100,2021-05-19 09:49:05.910,4544247
SZ.000001,4549696,300,2021-05-19 09:49:05.910,4544258
SZ.000001,4549704,300,2021-05-19 09:49:05.920,4544261
SZ.000001,4549740,200,2021-05-19 09:49:05.920,4544304
SZ.000001,4549752,100,2021-05-19 09:49:05.930,4544260
SZ.000001,4549753,100,2021-05-19 09:49:05.930,4544257
SZ.000001,4549784,200,2021-05-19 09:49:05.940,4544280
SZ.000001,4549787,100,2021-05-19 09:49:05.940,4544287
SZ.000001,4549788,100,2021-05-19 09:49:05.940,4544274
SZ.000001,4549791,200,2021-05-19 09:49:05.950,4544309
SZ.000001,4549984,300,2021-05-19 09:49:06.010,4544525
SZ.000001,4556702,1500,2021-05-19 09:49:08.260,4474015
SZ.000001,4556813,800,2021-05-19 09:49:08.310,4544218
SZ.000001,4558128,400,2021-05-19 09:49:08.800,3925328
SZ.000001,4560881,100,2021-05-19 09:49:09.830,4536257
SZ.000001,4562482,500,2021-05-19 09:49:10.310,4538801
SZ.000001,4564371,100,2021-05-19 09:49:11.050,4400128
SZ.000001,4565436,100,2021-05-19 09:49:11.500,4404641
SZ.000001,4565753,300,2021-05-19 09:49:11.670,4541186
SZ.000001,4565755,300,2021-05-19 09:49:11.670,4541185
SZ.000001,4565756,300,2021-05-19 09:49:11.680,4541195
SZ.000001,4571764,300,2021-05-19 09:49:13.830,3742002
SZ.000001,4572212,16,2021-05-19 09:49:14.040,3042899
SZ.000001,4575141,1500,2021-05-19 09:49:15.230,4222702
SZ.000001,4578997,1000,2021-05-19 09:49:16.410,4539431
SZ.000001,4580358,500,2021-05-19 09:49:17.010,3749239
SZ.000001,4581279,500,2021-05-19 09:49:17.340,4564999
SZ.000001,4584602,900,2021-05-19 09:49:18.610,4576166
SZ.000001,4585892,100,2021-05-19 09:49:19.040,1234466
SZ.000001,4592789,400,2021-05-19 09:49:21.460,4351569
SZ.000001,4597115,100,2021-05-19 09:49:23.000,4428753
SZ.000001,4601746,2500,2021-05-19 09:49:24.900,4422675
SZ.000001,4612195,3000,2021-05-19 09:49:28.700,4403763
SZ.000001,4613488,600,2021-05-19 09:49:29.190,4542174
SZ.000001,4619055,100,2021-05-19 09:49:31.300,4489417
SZ.000001,4621018,100,2021-05-19 09:49:32.000,4529920
SZ.000001,4621413,500,2021-05-19 09:49:32.130,4530090
SZ.000001,4622129,46700,2021-05-19 09:49:32.380,4560092
SZ.000001,4631832,300,2021-05-19 09:49:35.540,4533885
SZ.000001,4634187,1000,2021-05-19 09:49:36.270,3713252
SZ.000001,4634281,1000,2021-05-19 09:49:36.310,4497026
SZ.000001,4634915,1500,2021-05-19 09:49:36.540,4623448
SZ.000001,4635622,1000,2021-05-19 09:49:36.740,4345278
SZ.000001,4636657,1000,2021-05-19 09:49:37.020,4421659
SZ.000001,4641029,500,2021-05-19 09:49:38.190,4518900
SZ.000001,4641945,4500,2021-05-19 09:49:38.410,4152301
SZ.000001,4645143,800,2021-05-19 09:49:39.560,4629379
SZ.000001,4645149,3900,2021-05-19 09:49:39.560,4632252
SZ.000001,4645150,500,2021-05-19 09:49:39.560,4625207
SZ.000001,4645943,700,2021-05-19 09:49:39.780,4609489
SZ.000001,4648175,3900,2021-05-19 09:49:40.260,4626462
SZ.000001,4648176,1500,2021-05-19 09:49:40.260,4634635
SZ.000001,4648177,800,2021-05-19 09:49:40.260,4642555
SZ.000001,4649001,300,2021-05-19 09:49:40.420,3207590
SZ.000001,4651209,1500,2021-05-19 09:49:41.130,4634721
SZ.000001,4651484,300,2021-05-19 09:49:41.200,4651471
SZ.000001,4651490,300,2021-05-19 09:49:41.210,4651472
SZ.000001,4651491,3700,2021-05-19 09:49:41.210,4651488
SZ.000001,4651742,1300,2021-05-19 09:49:41.280,4651441
SZ.000001,4651743,3800,2021-05-19 09:49:41.280,4651448
SZ.000001,4651744,3800,2021-05-19 09:49:41.280,4651446
SZ.000001,4651745,3800,2021-05-19 09:49:41.280,4651444
SZ.000001,4651746,1600,2021-05-19 09:49:41.280,4651445
SZ.000001,4651747,3800,2021-05-19 09:49:41.280,4651450
SZ.000001,4651748,2400,2021-05-19 09:49:41.280,4651449
SZ.000001,4651749,700,2021-05-19 09:49:41.280,4651451
SZ.000001,4653636,500,2021-05-19 09:49:42.060,4462893
SZ.000001,4654317,100,2021-05-19 09:49:42.310,4651452
SZ.000001,4654364,200,2021-05-19 09:49:42.320,4651497
SZ.000001,4654404,200,2021-05-19 09:49:42.340,4651559
SZ.000001,4654405,1900,2021-05-19 09:49:42.340,4651558
SZ.000001,4654418,100,2021-05-19 09:49:42.340,4651569
SZ.000001,4654419,200,2021-05-19 09:49:42.340,4651573
SZ.000001,4654420,100,2021-05-19 09:49:42.340,4651570
SZ.000001,4654427,100,2021-05-19 09:49:42.340,4651574
SZ.000001,4654723,1300,2021-05-19 09:49:42.440,4654297
SZ.000001,4655044,500,2021-05-19 09:49:42.580,4654710
SZ.000001,4656648,1300,2021-05-19 09:49:43.010,4655057
SZ.000001,4657612,100,2021-05-19 09:49:43.280,4651461
SZ.000001,4657651,100,2021-05-19 09:49:43.290,4651463
SZ.000001,4657744,200,2021-05-19 09:49:43.310,4651459
SZ.000001,4657761,200,2021-05-19 09:49:43.320,4651572
SZ.000001,4657812,200,2021-05-19 09:49:43.330,4651625
SZ.000001,4657843,100,2021-05-19 09:49:43.340,4651643
SZ.000001,4657847,100,2021-05-19 09:49:43.340,4651571
SZ.000001,4657852,100,2021-05-19 09:49:43.340,4651577
SZ.000001,4657872,100,2021-05-19 09:49:43.350,4651575
SZ.000001,4660320,16400,2021-05-19 09:49:44.110,4610309
SZ.000001,4662075,1300,2021-05-19 09:49:44.910,4651479
SZ.000001,4663103,300,2021-05-19 09:49:45.360,4651495
SZ.000001,4663193,2200,2021-05-19 09:49:45.390,4656517
SZ.000001,4663196,300,2021-05-19 09:49:45.390,4656518
SZ.000001,4663197,700,2021-05-19 09:49:45.390,4656520
SZ.000001,4663199,300,2021-05-19 09:49:45.390,4656521
SZ.000001,4663202,2200,2021-05-19 09:49:45.390,4656519
SZ.000001,4663203,1000,2021-05-19 09:49:45.390,4656522
SZ.000001,4663921,1200,2021-05-19 09:49:45.690,4447779
SZ.000001,4668282,1000,2021-05-19 09:49:47.130,1858138
SZ.000001,4674330,200,2021-05-19 09:49:49.390,3358965
SZ.000001,4678188,300,2021-05-19 09:49:50.940,4656631
SZ.000001,4679220,14500,2021-05-19 09:49:51.310,4651436
SZ.000001,4686397,300,2021-05-19 09:49:53.960,4562811
SZ.000001,4687004,100,2021-05-19 09:49:54.220,4684705
SZ.000001,4687006,600,2021-05-19 09:49:54.220,4002543
SZ.000001,4687485,1000,2021-05-19 09:49:54.390,4684594
SZ.000001,4687488,100,2021-05-19 09:49:54.400,4684599
SZ.000001,4687491,500,2021-05-19 09:49:54.400,4684596
SZ.000001,4687513,100,2021-05-19 09:49:54.410,4531391
SZ.000001,4689846,400,2021-05-19 09:49:55.230,4684624
SZ.000001,4689851,300,2021-05-19 09:49:55.230,4684625
SZ.000001,4689856,100,2021-05-19 09:49:55.230,4684612
SZ.000001,4689857,100,2021-05-19 09:49:55.230,4684620
SZ.000001,4689859,100,2021-05-19 09:49:55.240,4684623
SZ.000001,4689867,200,2021-05-19 09:49:55.240,4684697
SZ.000001,4689869,100,2021-05-19 09:49:55.240,4684615
SZ.000001,4689875,200,2021-05-19 09:49:55.250,4684610
SZ.000001,4689891,100,2021-05-19 09:49:55.250,4684614
SZ.000001,4689893,600,2021-05-19 09:49:55.250,4684622
SZ.000001,4689910,700,2021-05-19 09:49:55.260,4684628
SZ.000001,4689919,200,2021-05-19 09:49:55.260,4684638
SZ.000001,4689930,400,2021-05-19 09:49:55.260,4684699
SZ.000001,4689931,100,2021-05-19 09:49:55.260,4684701
SZ.000001,4689956,100,2021-05-19 09:49:55.260,4684611
SZ.000001,4689979,300,2021-05-19 09:49:55.270,4684626
SZ.000001,4689980,300,2021-05-19 09:49:55.270,4684621
SZ.000001,4689982,700,2021-05-19 09:49:55.270,4684709
SZ.000001,4690007,200,2021-05-19 09:49:55.280,4684627
SZ.000001,4690017,400,2021-05-19 09:49:55.280,4684629
SZ.000001,4690043,200,2021-05-19 09:49:55.280,4684630
SZ.000001,4693135,200,2021-05-19 09:49:56.510,4604719
SZ.000001,4693914,1300,2021-05-19 09:49:56.850,4684448
SZ.000001,4694765,300,2021-05-19 09:49:57.220,4684461
SZ.000001,4695037,100,2021-05-19 09:49:57.350,4503683
SZ.000001,4695311,1400,2021-05-19 09:49:57.500,4695309
SZ.000001,4695765,5000,2021-05-19 09:49:57.670,4684631
SZ.000001,4698250,300,2021-05-19 09:49:58.540,2069456
SZ.000001,4699278,3300,2021-05-19 09:49:58.990,3487955
SZ.000001,4700296,700,2021-05-19 09:49:59.440,4695318
SZ.000001,4700655,100,2021-05-19 09:49:59.620,4695364
SZ.000001,4700656,100,2021-05-19 09:49:59.620,4695362
SZ.000001,4700674,100,2021-05-19 09:49:59.630,4695284
SZ.000001,4700776,900,2021-05-19 09:49:59.690,1815611
SZ.000001,4703767,300,2021-05-19 09:50:00.830,4536255
SZ.000001,4703770,300,2021-05-19 09:50:00.830,4536256
SZ.000001,4703775,300,2021-05-19 09:50:00.830,4536258
SZ.000001,4703917,300,2021-05-19 09:50:00.880,4536409
SZ.000001,4704293,1000,2021-05-19 09:50:00.990,4544554
SZ.000001,4704404,1300,2021-05-19 09:50:01.010,4695285
SZ.000001,4706138,300,2021-05-19 09:50:01.520,4695324
SZ.000001,4709492,100,2021-05-19 09:50:02.900,3606498
SZ.000001,4711591,3600,2021-05-19 09:50:03.690,4601748
SZ.000001,4712729,400,2021-05-19 09:50:04.020,4489748
SZ.000001,4717027,3000,2021-05-19 09:50:05.380,4389441
SZ.000001,4723152,100,2021-05-19 09:50:07.380,4707864
SZ.000001,4730163,4000,2021-05-19 09:50:09.540,4695436
SZ.000001,4734609,100,2021-05-19 09:50:10.750,867977
SZ.000001,4737999,100,2021-05-19 09:50:12.010,4389417
SZ.000001,4738721,1300,2021-05-19 09:50:12.290,4459798
SZ.000001,4739757,200,2021-05-19 09:50:12.670,4717747
SZ.000001,4740529,4500,2021-05-19 09:50:12.970,4667416
SZ.000001,4746454,1000,2021-05-19 09:50:15.440,4710709
SZ.000001,4749289,600,2021-05-19 09:50:16.320,4651499
SZ.000001,4753321,1800,2021-05-19 09:50:17.960,4676986
SZ.000001,4754883,200,2021-05-19 09:50:18.630,2272463
SZ.000001,4758336,300,2021-05-19 09:50:19.770,4155199
SZ.000001,4759929,200,2021-05-19 09:50:20.400,3739458
SZ.000001,4762387,2000,2021-05-19 09:50:21.380,4669108
SZ.000001,4767065,4600,2021-05-19 09:50:23.100,4738979
SZ.000001,4768337,3800,2021-05-19 09:50:23.560,4651475
SZ.000001,4768338,3800,2021-05-19 09:50:23.560,4651474
SZ.000001,4768339,3800,2021-05-19 09:50:23.560,4651464
SZ.000001,4768502,300,2021-05-19 09:50:23.630,4651478
SZ.000001,4768708,500,2021-05-19 09:50:23.750,4454698
SZ.000001,4768821,1600,2021-05-19 09:50:23.790,4651458
SZ.000001,4771238,3800,2021-05-19 09:50:24.760,4651465
SZ.000001,4773353,400,2021-05-19 09:50:25.320,4749288
SZ.000001,4773357,400,2021-05-19 09:50:25.320,4749292
SZ.000001,4773439,400,2021-05-19 09:50:25.360,4749539
SZ.000001,4773904,5900,2021-05-19 09:50:25.510,4729019
SZ.000001,4774603,5000,2021-05-19 09:50:25.840,3539792
SZ.000001,4776252,300,2021-05-19 09:50:26.600,2817002
SZ.000001,4797366,8000,2021-05-19 09:50:35.070,4746657
SZ.000001,4800879,100,2021-05-19 09:50:36.580,4729796
SZ.000001,4801252,900,2021-05-19 09:50:36.710,4762800
SZ.000001,4802274,2000,2021-05-19 09:50:37.030,4593976
SZ.000001,4802472,1200,2021-05-19 09:50:37.080,4716512
SZ.000001,4804679,500,2021-05-19 09:50:37.770,3587828
SZ.000001,4808119,100,2021-05-19 09:50:39.150,4762562
SZ.000001,4812936,400,2021-05-19 09:50:40.940,4795124
SZ.000001,4814020,1100,2021-05-19 09:50:41.370,4744773
SZ.000001,4830174,1000,2021-05-19 09:50:47.250,4462814
SZ.000001,4833744,9000,2021-05-19 09:50:48.760,4751699
SZ.000001,4838436,300,2021-05-19 09:50:50.290,4695116
SZ.000001,4840601,100,2021-05-19 09:50:51.200,4791689
SZ.000001,4849312,3900,2021-05-19 09:50:54.770,4785542
SZ.000001,4853368,4500,2021-05-19 09:50:56.140,4829954
SZ.000001,4855365,500,2021-05-19 09:50:57.120,4804236
SZ.000001,4858897,200,2021-05-19 09:50:58.250,4746790
SZ.000001,4860785,1000,2021-05-19 09:50:58.840,4811729
SZ.000001,4860854,1000,2021-05-19 09:50:58.880,2860891
SZ.000001,4862440,300,2021-05-19 09:50:59.440,4450358
SZ.000001,4864944,10000,2021-05-19 09:51:00.460,4768328
SZ.000001,4865491,300,2021-05-19 09:51:00.620,4844814
SZ.000001,4865888,5300,2021-05-19 09:51:00.750,4782736
SZ.000001,4865956,12200,2021-05-19 09:51:00.770,4768473
SZ.000001,4866203,100,2021-05-19 09:51:00.850,4834996
SZ.000001,4866937,3200,2021-05-19 09:51:01.100,4772112
SZ.000001,4869845,400,2021-05-19 09:51:02.120,4605487
SZ.000001,4871947,1000,2021-05-19 09:51:03.040,1564367
SZ.000001,4878483,100,2021-05-19 09:51:05.210,4793263
SZ.000001,4880452,100,2021-05-19 09:51:06.050,4634260
SZ.000001,4881224,100,2021-05-19 09:51:06.370,4873544
SZ.000001,4882768,8000,2021-05-19 09:51:06.910,2192906
SZ.000001,4883404,100,2021-05-19 09:51:07.110,4881015
