code,order_time,request_id,order_price,order_qty,side
SZ.000001,2021-05-19 09:30:00.000,370017,23.84,4000,Ask
SZ.000001,2021-05-19 09:30:00.000,370530,24.28,5000,Ask
SZ.000001,2021-05-19 09:30:00.020,372732,24.28,1000,Ask
SZ.000001,2021-05-19 09:30:00.020,374708,23.87,20500,Bid
SZ.000001,2021-05-19 09:30:00.020,374746,23.88,25400,Bid
SZ.000001,2021-05-19 09:30:00.030,375522,23.82,100,Bid
SZ.000001,2021-05-19 09:30:00.030,376233,23.82,1500,Ask
SZ.000001,2021-05-19 09:30:00.030,376558,24.6,2000,Ask
SZ.000001,2021-05-19 09:30:00.030,376568,23.51,500,Bid
SZ.000001,2021-05-19 09:30:00.030,376632,23.01,500,Bid
SZ.000001,2021-05-19 09:30:00.030,376639,23.31,500,Bid
SZ.000001,2021-05-19 09:30:00.030,377057,23.02,600,Bid
SZ.000001,2021-05-19 09:30:00.030,377234,23.8,100,Ask
SZ.000001,2021-05-19 09:30:00.030,377544,23.85,300,Bid
SZ.000001,2021-05-19 09:30:00.040,378198,23.2,500,Bid
SZ.000001,2021-05-19 09:30:00.040,378532,26.2,2000,Ask
SZ.000001,2021-05-19 09:30:00.040,378684,23.8,62800,Ask
SZ.000001,2021-05-19 09:30:00.040,378754,26.0,2000,Ask
SZ.000001,2021-05-19 09:30:00.040,378924,23.6,200,Bid
SZ.000001,2021-05-19 09:30:00.040,378962,25.5,2000,Ask
SZ.000001,2021-05-19 09:30:00.040,379182,25.0,1000,Ask
SZ.000001,2021-05-19 09:30:00.040,379425,24.8,1000,Ask
SZ.000001,2021-05-19 09:30:00.050,379546,24.5,1000,Ask
SZ.000001,2021-05-19 09:30:00.050,379551,22.0,100,Bid
SZ.000001,2021-05-19 09:30:00.050,380347,23.45,6500,Bid
SZ.000001,2021-05-19 09:30:00.060,381260,23.35,500,Bid
SZ.000001,2021-05-19 09:30:00.070,381595,23.86,2500,Ask
SZ.000001,2021-05-19 09:30:00.070,381917,23.83,2600,Ask
SZ.000001,2021-05-19 09:30:00.070,381945,24.59,5000,Ask
SZ.000001,2021-05-19 09:30:00.070,381949,23.41,5000,Bid
SZ.000001,2021-05-19 09:30:00.070,382396,23.82,1000,Ask
SZ.000001,2021-05-19 09:30:00.070,382486,23.82,200,Bid
SZ.000001,2021-05-19 09:30:00.070,382491,23.85,300,Ask
SZ.000001,2021-05-19 09:30:00.070,382729,24.22,1000,Ask
SZ.000001,2021-05-19 09:30:00.080,382979,23.8,31400,Ask
SZ.000001,2021-05-19 09:30:00.080,383866,23.9,21000,Bid
SZ.000001,2021-05-19 09:30:00.080,384220,23.81,300,Ask
SZ.000001,2021-05-19 09:30:00.090,384637,23.7,2000,Bid
SZ.000001,2021-05-19 09:30:00.090,385066,23.9,300,Ask
SZ.000001,2021-05-19 09:30:00.090,385279,23.99,200,Ask
SZ.000001,2021-05-19 09:30:00.100,385648,24.06,500,Ask
SZ.000001,2021-05-19 09:30:00.100,385883,23.15,2200,Bid
SZ.000001,2021-05-19 09:30:00.100,386467,23.8,2000,Bid
SZ.000001,2021-05-19 09:30:00.100,386574,23.35,300,Bid
SZ.000001,2021-05-19 09:30:00.110,387131,24.08,200,Ask
SZ.000001,2021-05-19 09:30:00.110,387861,24.37,10000,Ask
SZ.000001,2021-05-19 09:30:00.110,388089,24.58,500,Ask
SZ.000001,2021-05-19 09:30:00.120,388570,23.8,31900,Ask
SZ.000001,2021-05-19 09:30:00.120,389073,23.82,100,Bid
SZ.000001,2021-05-19 09:30:00.120,389239,24.58,500,Ask
SZ.000001,2021-05-19 09:30:00.120,389262,23.21,500,Bid
SZ.000001,2021-05-19 09:30:00.120,389288,23.5,3000,Bid
SZ.000001,2021-05-19 09:30:00.130,390332,23.0,400,Bid
SZ.000001,2021-05-19 09:30:00.130,390404,23.8,500,Bid
SZ.000001,2021-05-19 09:30:00.130,390782,24.46,100,Ask
SZ.000001,2021-05-19 09:30:00.130,390786,24.5,500,Ask
SZ.000001,2021-05-19 09:30:00.130,390845,24.86,1700,Ask
SZ.000001,2021-05-19 09:30:00.130,391420,26.29,200,Ask
SZ.000001,2021-05-19 09:30:00.130,391492,24.0,100,Ask
SZ.000001,2021-05-19 09:30:00.130,391573,23.82,200,Ask
SZ.000001,2021-05-19 09:30:00.140,391602,23.4,1000,Bid
SZ.000001,2021-05-19 09:30:00.140,391763,22.5,1000,Bid
SZ.000001,2021-05-19 09:30:00.140,392056,23.82,13000,Ask
SZ.000001,2021-05-19 09:30:00.140,392897,23.6,1000,Bid
SZ.000001,2021-05-19 09:30:00.140,392996,23.81,300,Bid
SZ.000001,2021-05-19 09:30:00.150,393356,23.98,1300,Ask
SZ.000001,2021-05-19 09:30:00.160,394997,24.6,4800,Ask
SZ.000001,2021-05-19 09:30:00.160,395177,24.2,200,Ask
SZ.000001,2021-05-19 09:30:00.160,395316,24.88,1000,Ask
SZ.000001,2021-05-19 09:30:00.160,395317,25.18,1000,Ask
SZ.000001,2021-05-19 09:30:00.160,395515,22.38,100,Bid
SZ.000001,2021-05-19 09:30:00.160,396066,23.7,600,Bid
SZ.000001,2021-05-19 09:30:00.170,396419,23.5,600,Bid
SZ.000001,2021-05-19 09:30:00.170,396473,23.6,1500,Bid
SZ.000001,2021-05-19 09:30:00.170,396515,23.5,400,Bid
SZ.000001,2021-05-19 09:30:00.170,397437,23.7,5000,Bid
SZ.000001,2021-05-19 09:30:00.180,397989,23.82,1000,Ask
SZ.000001,2021-05-19 09:30:00.180,398434,23.63,600,Bid
SZ.000001,2021-05-19 09:30:00.180,398456,24.64,200,Ask
SZ.000001,2021-05-19 09:30:00.180,398533,22.6,5500,Bid
SZ.000001,2021-05-19 09:30:00.180,398556,23.93,400,Ask
SZ.000001,2021-05-19 09:30:00.180,398832,23.84,200,Ask
SZ.000001,2021-05-19 09:30:00.180,398851,23.84,800,Ask
SZ.000001,2021-05-19 09:30:00.180,398945,23.84,800,Ask
SZ.000001,2021-05-19 09:30:00.190,399862,23.27,400,Bid
SZ.000001,2021-05-19 09:30:00.190,400455,23.56,600,Bid
SZ.000001,2021-05-19 09:30:00.200,401777,23.82,200,Ask
SZ.000001,2021-05-19 09:30:00.210,402004,23.3,600,Bid
SZ.000001,2021-05-19 09:30:00.210,402105,23.39,100,Bid
SZ.000001,2021-05-19 09:30:00.210,402119,23.11,100,Bid
SZ.000001,2021-05-19 09:30:00.210,402138,22.93,100,Bid
SZ.000001,2021-05-19 09:30:00.210,402149,23.52,300,Bid
SZ.000001,2021-05-19 09:30:00.220,403134,24.6,100,Ask
SZ.000001,2021-05-19 09:30:00.220,403210,23.85,1000,Bid
SZ.000001,2021-05-19 09:30:00.220,403268,26.29,100,Ask
SZ.000001,2021-05-19 09:30:00.220,403328,25.98,500,Ask
SZ.000001,2021-05-19 09:30:00.220,403369,23.84,500,Ask
SZ.000001,2021-05-19 09:30:00.220,403435,23.84,400,Ask
SZ.000001,2021-05-19 09:30:00.220,403488,24.0,1000,Ask
SZ.000001,2021-05-19 09:30:00.220,403749,23.7,1000,Ask
SZ.000001,2021-05-19 09:30:00.220,403978,23.84,1000,Ask
SZ.000001,2021-05-19 09:30:00.230,404015,23.87,300,Ask
SZ.000001,2021-05-19 09:30:00.230,404051,23.22,100,Bid
SZ.000001,2021-05-19 09:30:00.230,404694,23.87,300,Ask
SZ.000001,2021-05-19 09:30:00.230,404742,23.87,300,Ask
SZ.000001,2021-05-19 09:30:00.240,405416,23.8,12000,Ask
SZ.000001,2021-05-19 09:30:00.240,405582,23.08,1000,Bid
SZ.000001,2021-05-19 09:30:00.240,405862,23.22,100,Bid
SZ.000001,2021-05-19 09:30:00.250,406363,24.09,200,Ask
SZ.000001,2021-05-19 09:30:00.250,406576,24.18,10000,Ask
SZ.000001,2021-05-19 09:30:00.250,406865,23.33,200,Bid
SZ.000001,2021-05-19 09:30:00.250,407494,25.25,100,Ask
SZ.000001,2021-05-19 09:30:00.260,407980,23.85,100,Bid
SZ.000001,2021-05-19 09:30:00.260,408142,22.5,1000,Bid
SZ.000001,2021-05-19 09:30:00.260,408380,22.5,100,Bid
SZ.000001,2021-05-19 09:30:00.260,408698,24.38,20000,Ask
SZ.000001,2021-05-19 09:30:00.260,408702,23.85,200,Bid
SZ.000001,2021-05-19 09:30:00.260,408919,24.25,300,Ask
SZ.000001,2021-05-19 09:30:00.270,409463,23.77,500,Ask
SZ.000001,2021-05-19 09:30:00.270,409974,23.65,100,Bid
SZ.000001,2021-05-19 09:30:00.280,410266,25.18,100,Ask
SZ.000001,2021-05-19 09:30:00.280,410296,23.0,800,Bid
SZ.000001,2021-05-19 09:30:00.280,410844,24.5,100,Ask
SZ.000001,2021-05-19 09:30:00.290,411040,23.77,500,Ask
SZ.000001,2021-05-19 09:30:00.290,411246,23.6,1000,Bid
SZ.000001,2021-05-19 09:30:00.290,411324,25.89,100,Ask
SZ.000001,2021-05-19 09:30:00.290,411384,23.85,100,Ask
SZ.000001,2021-05-19 09:30:00.300,412116,24.78,800,Ask
SZ.000001,2021-05-19 09:30:00.300,412156,25.14,1600,Ask
SZ.000001,2021-05-19 09:30:00.300,412599,23.01,100,Bid
SZ.000001,2021-05-19 09:30:00.320,413603,25.3,500,Ask
SZ.000001,2021-05-19 09:30:00.320,413810,23.76,1000,Bid
SZ.000001,2021-05-19 09:30:00.320,413910,23.75,1000,Bid
SZ.000001,2021-05-19 09:30:00.320,413991,23.01,200,Bid
SZ.000001,2021-05-19 09:30:00.330,414782,22.5,500,Bid
SZ.000001,2021-05-19 09:30:00.330,415296,23.4,400,Bid
SZ.000001,2021-05-19 09:30:00.340,416170,26.26,100,Ask
SZ.000001,2021-05-19 09:30:00.340,416369,24.2,1000,Ask
SZ.000001,2021-05-19 09:30:00.350,417023,23.55,1000,Bid
SZ.000001,2021-05-19 09:30:00.350,417469,22.0,100,Bid
SZ.000001,2021-05-19 09:30:00.350,417774,26.0,100,Ask
SZ.000001,2021-05-19 09:30:00.360,418756,23.88,400,Ask
SZ.000001,2021-05-19 09:30:00.370,419083,23.97,1200,Ask
SZ.000001,2021-05-19 09:30:00.370,419501,24.0,100,Ask
SZ.000001,2021-05-19 09:30:00.370,419533,23.85,200,Bid
SZ.000001,2021-05-19 09:30:00.380,420184,23.2,300,Bid
SZ.000001,2021-05-19 09:30:00.380,420364,23.65,400,Bid
SZ.000001,2021-05-19 09:30:00.390,421105,23.42,1000,Bid
SZ.000001,2021-05-19 09:30:00.400,421404,24.44,1500,Ask
SZ.000001,2021-05-19 09:30:00.400,421961,23.69,500,Bid
SZ.000001,2021-05-19 09:30:00.420,423037,24.28,100,Ask
SZ.000001,2021-05-19 09:30:00.420,423326,24.3,100,Ask
SZ.000001,2021-05-19 09:30:00.420,423335,22.01,200,Bid
SZ.000001,2021-05-19 09:30:00.420,423462,23.21,400,Bid
SZ.000001,2021-05-19 09:30:00.420,423678,23.43,1000,Bid
SZ.000001,2021-05-19 09:30:00.430,424322,23.8,500,Ask
SZ.000001,2021-05-19 09:30:00.430,424722,23.95,6600,Ask
SZ.000001,2021-05-19 09:30:00.430,424883,24.4,2000,Ask
SZ.000001,2021-05-19 09:30:00.430,424928,25.6,100,Ask
SZ.000001,2021-05-19 09:30:00.430,424938,24.49,200,Ask
SZ.000001,2021-05-19 09:30:00.430,424994,23.45,500,Bid
SZ.000001,2021-05-19 09:30:00.440,425107,23.82,500,Ask
SZ.000001,2021-05-19 09:30:00.440,425356,24.2,1000,Ask
SZ.000001,2021-05-19 09:30:00.440,425432,23.25,100,Bid
SZ.000001,2021-05-19 09:30:00.440,425482,24.1,200,Ask
SZ.000001,2021-05-19 09:30:00.460,426265,24.2,100,Ask
SZ.000001,2021-05-19 09:30:00.460,426763,23.82,3200,Ask
SZ.000001,2021-05-19 09:30:00.470,427097,24.52,1000,Ask
SZ.000001,2021-05-19 09:30:00.480,427790,23.37,1000,Bid
SZ.000001,2021-05-19 09:30:00.480,428127,23.61,600,Bid
SZ.000001,2021-05-19 09:30:00.490,428393,23.61,300,Bid
SZ.000001,2021-05-19 09:30:00.500,429051,23.73,5000,Bid
SZ.000001,2021-05-19 09:30:00.500,429072,24.98,3800,Ask
SZ.000001,2021-05-19 09:30:00.510,430051,23.79,10900,Ask
SZ.000001,2021-05-19 09:30:00.520,430513,23.87,400,Ask
SZ.000001,2021-05-19 09:30:00.530,431295,23.81,300,Ask
SZ.000001,2021-05-19 09:30:00.530,431699,23.8,4200,Ask
SZ.000001,2021-05-19 09:30:00.530,431740,23.85,1300,Bid
SZ.000001,2021-05-19 09:30:00.530,431840,23.6,2000,Bid
SZ.000001,2021-05-19 09:30:00.530,432067,23.82,100,Ask
SZ.000001,2021-05-19 09:30:00.550,433029,23.8,20000,Ask
SZ.000001,2021-05-19 09:30:00.560,433861,21.51,100,Bid
SZ.000001,2021-05-19 09:30:00.570,434889,23.82,9200,Ask
SZ.000001,2021-05-19 09:30:00.580,435078,24.19,500,Ask
SZ.000001,2021-05-19 09:30:00.580,435228,23.41,500,Bid
SZ.000001,2021-05-19 09:30:00.590,436238,23.4,1000,Bid
SZ.000001,2021-05-19 09:30:00.590,436322,23.5,1000,Bid
SZ.000001,2021-05-19 09:30:00.610,437552,23.9,300,Ask
SZ.000001,2021-05-19 09:30:00.620,438241,23.31,200,Bid
SZ.000001,2021-05-19 09:30:00.620,438264,23.8,800,Bid
SZ.000001,2021-05-19 09:30:00.620,438808,23.61,600,Bid
SZ.000001,2021-05-19 09:30:00.630,439105,23.82,6400,Bid
SZ.000001,2021-05-19 09:30:00.640,440094,23.9,300,Ask
SZ.000001,2021-05-19 09:30:00.650,440282,24.3,22000,Ask
SZ.000001,2021-05-19 09:30:00.650,440301,23.2,100,Bid
SZ.000001,2021-05-19 09:30:00.650,440520,23.82,300,Ask
SZ.000001,2021-05-19 09:30:00.660,441123,23.88,400,Ask
SZ.000001,2021-05-19 09:30:00.660,441268,23.82,300,Ask
SZ.000001,2021-05-19 09:30:00.660,441387,25.0,100,Ask
SZ.000001,2021-05-19 09:30:00.670,441635,23.8,300,Bid
SZ.000001,2021-05-19 09:30:00.670,441684,23.3,300,Bid
SZ.000001,2021-05-19 09:30:00.690,442996,24.33,100,Ask
SZ.000001,2021-05-19 09:30:00.690,443266,23.85,700,Bid
SZ.000001,2021-05-19 09:30:00.690,443319,23.3,300,Bid
SZ.000001,2021-05-19 09:30:00.690,443329,23.21,1100,Bid
SZ.000001,2021-05-19 09:30:00.690,443391,23.8,3000,Ask
SZ.000001,2021-05-19 09:30:00.690,443440,24.08,200,Ask
SZ.000001,2021-05-19 09:30:00.690,443666,23.8,300,Ask
SZ.000001,2021-05-19 09:30:00.700,443888,23.85,500,Ask
SZ.000001,2021-05-19 09:30:00.710,444496,23.76,1000,Bid
SZ.000001,2021-05-19 09:30:00.710,445093,24.18,200,Ask
SZ.000001,2021-05-19 09:30:00.720,445407,21.51,100,Bid
SZ.000001,2021-05-19 09:30:00.720,445420,21.51,100,Bid
SZ.000001,2021-05-19 09:30:00.740,446508,25.0,500,Ask
SZ.000001,2021-05-19 09:30:00.740,446520,24.01,300,Ask
SZ.000001,2021-05-19 09:30:00.750,447153,23.5,100,Bid
SZ.000001,2021-05-19 09:30:00.750,447200,23.88,1000,Ask
SZ.000001,2021-05-19 09:30:00.760,447974,23.31,5000,Bid
SZ.000001,2021-05-19 09:30:00.760,448098,23.31,5000,Bid
SZ.000001,2021-05-19 09:30:00.760,448166,23.5,4000,Bid
SZ.000001,2021-05-19 09:30:00.760,448169,23.0,100,Bid
SZ.000001,2021-05-19 09:30:00.790,449942,23.72,10000,Bid
SZ.000001,2021-05-19 09:30:00.810,450887,23.82,200,Bid
SZ.000001,2021-05-19 09:30:00.830,451635,24.15,1500,Ask
SZ.000001,2021-05-19 09:30:00.830,451845,22.5,100,Bid
SZ.000001,2021-05-19 09:30:00.840,452057,24.7,2000,Ask
SZ.000001,2021-05-19 09:30:00.840,452133,23.7,200,Bid
SZ.000001,2021-05-19 09:30:00.860,453107,23.82,100,Ask
SZ.000001,2021-05-19 09:30:00.860,453262,23.79,400,Ask
SZ.000001,2021-05-19 09:30:00.880,454353,23.85,200,Ask
SZ.000001,2021-05-19 09:30:00.880,454487,23.25,1000,Bid
SZ.000001,2021-05-19 09:30:00.880,454538,23.85,1000,Ask
SZ.000001,2021-05-19 09:30:00.900,455469,23.82,500,Bid
SZ.000001,2021-05-19 09:30:00.900,455800,23.28,500,Bid
SZ.000001,2021-05-19 09:30:00.910,456170,23.85,500,Bid
SZ.000001,2021-05-19 09:30:00.950,457990,24.5,1000,Ask
SZ.000001,2021-05-19 09:30:00.950,458126,23.82,200,Ask
SZ.000001,2021-05-19 09:30:00.970,459259,23.8,400,Ask
SZ.000001,2021-05-19 09:30:00.970,459263,24.3,4400,Ask
SZ.000001,2021-05-19 09:30:00.970,459284,23.0,300,Bid
SZ.000001,2021-05-19 09:30:00.980,459406,26.0,100,Ask
SZ.000001,2021-05-19 09:30:00.980,459635,26.29,1000,Ask
SZ.000001,2021-05-19 09:30:00.980,459715,24.25,300,Ask
SZ.000001,2021-05-19 09:30:00.990,459921,23.95,300,Ask
SZ.000001,2021-05-19 09:30:01.000,460363,23.5,1000,Bid
SZ.000001,2021-05-19 09:30:01.000,460494,23.8,100,Ask
SZ.000001,2021-05-19 09:30:01.000,460510,23.8,800,Ask
SZ.000001,2021-05-19 09:30:01.020,461129,23.0,100,Bid
SZ.000001,2021-05-19 09:30:01.020,461134,23.8,400,Ask
SZ.000001,2021-05-19 09:30:01.030,461696,23.8,500,Bid
SZ.000001,2021-05-19 09:30:01.030,461807,23.45,300,Bid
SZ.000001,2021-05-19 09:30:01.030,461829,23.41,300,Bid
SZ.000001,2021-05-19 09:30:01.030,462119,23.32,400,Bid
SZ.000001,2021-05-19 09:30:01.030,462135,23.85,500,Ask
SZ.000001,2021-05-19 09:30:01.030,462181,23.22,500,Bid
SZ.000001,2021-05-19 09:30:01.050,462750,23.51,1600,Bid
SZ.000001,2021-05-19 09:30:01.060,463402,22.08,1000,Bid
SZ.000001,2021-05-19 09:30:01.090,464761,25.88,600,Ask
SZ.000001,2021-05-19 09:30:01.100,465870,23.82,100,Bid
SZ.000001,2021-05-19 09:30:01.100,465961,23.85,10000,Ask
SZ.000001,2021-05-19 09:30:01.110,466180,23.79,1300,Bid
SZ.000001,2021-05-19 09:30:01.110,466322,23.75,1000,Bid
SZ.000001,2021-05-19 09:30:01.110,466330,23.82,100,Bid
SZ.000001,2021-05-19 09:30:01.120,466884,23.82,100,Bid
SZ.000001,2021-05-19 09:30:01.130,467292,23.62,10000,Bid
SZ.000001,2021-05-19 09:30:01.130,467363,23.7,1000,Bid
SZ.000001,2021-05-19 09:30:01.140,467766,24.5,19900,Ask
SZ.000001,2021-05-19 09:30:01.140,467935,23.82,100,Ask
SZ.000001,2021-05-19 09:30:01.140,468039,23.7,400,Bid
SZ.000001,2021-05-19 09:30:01.150,468527,23.5,1000,Bid
SZ.000001,2021-05-19 09:30:01.160,468687,23.97,200,Ask
SZ.000001,2021-05-19 09:30:01.160,468985,23.3,2100,Bid
SZ.000001,2021-05-19 09:30:01.180,469706,23.79,1500,Ask
SZ.000001,2021-05-19 09:30:01.180,469893,23.0,200,Bid
SZ.000001,2021-05-19 09:30:01.180,469943,23.79,100,Bid
SZ.000001,2021-05-19 09:30:01.200,470705,23.58,900,Bid
SZ.000001,2021-05-19 09:30:01.200,470909,23.0,100,Bid
SZ.000001,2021-05-19 09:30:01.210,471005,23.82,9000,Ask
SZ.000001,2021-05-19 09:30:01.210,471264,23.75,800,Bid
SZ.000001,2021-05-19 09:30:01.220,471679,24.3,500,Ask
SZ.000001,2021-05-19 09:30:01.220,471763,24.4,500,Ask
SZ.000001,2021-05-19 09:30:01.220,471846,23.82,1000,Ask
SZ.000001,2021-05-19 09:30:01.230,472083,23.82,500,Ask
SZ.000001,2021-05-19 09:30:01.230,472346,23.6,1500,Bid
SZ.000001,2021-05-19 09:30:01.240,472552,24.5,100,Ask
SZ.000001,2021-05-19 09:30:01.240,472606,23.5,2200,Bid
SZ.000001,2021-05-19 09:30:01.260,473613,23.2,1000,Bid
SZ.000001,2021-05-19 09:30:01.260,473759,23.0,100,Bid
SZ.000001,2021-05-19 09:30:01.270,474533,24.52,500,Ask
SZ.000001,2021-05-19 09:30:01.280,474796,23.79,1300,Ask
SZ.000001,2021-05-19 09:30:01.290,475904,23.63,3000,Bid
SZ.000001,2021-05-19 09:30:01.290,475931,23.5,500,Bid
SZ.000001,2021-05-19 09:30:01.300,476166,23.5,1000,Bid
SZ.000001,2021-05-19 09:30:01.310,476624,24.65,500,Ask
SZ.000001,2021-05-19 09:30:01.310,476636,23.78,2600,Ask
SZ.000001,2021-05-19 09:30:01.310,476868,23.32,1000,Bid
SZ.000001,2021-05-19 09:30:01.320,477754,23.53,5500,Bid
SZ.000001,2021-05-19 09:30:01.340,478511,23.3,1300,Bid
SZ.000001,2021-05-19 09:30:01.350,479301,23.75,400,Bid
SZ.000001,2021-05-19 09:30:01.350,479453,23.83,200,Ask
SZ.000001,2021-05-19 09:30:01.350,479494,24.5,100,Ask
SZ.000001,2021-05-19 09:30:01.390,481210,24.5,600,Ask
SZ.000001,2021-05-19 09:30:01.400,481732,23.81,100,Bid
SZ.000001,2021-05-19 09:30:01.400,481750,25.08,1200,Ask
SZ.000001,2021-05-19 09:30:01.410,482180,23.51,200,Bid
SZ.000001,2021-05-19 09:30:01.420,482704,23.89,1700,Bid
SZ.000001,2021-05-19 09:30:01.430,483474,23.7,500,Bid
SZ.000001,2021-05-19 09:30:01.440,483928,23.82,200,Ask
SZ.000001,2021-05-19 09:30:01.440,483934,23.5,1000,Bid
SZ.000001,2021-05-19 09:30:01.450,484407,24.63,500,Ask
SZ.000001,2021-05-19 09:30:01.450,484466,23.1,300,Bid
SZ.000001,2021-05-19 09:30:01.450,484552,23.59,600,Bid
SZ.000001,2021-05-19 09:30:01.450,484715,23.75,300,Bid
SZ.000001,2021-05-19 09:30:01.460,484774,25.0,200,Ask
SZ.000001,2021-05-19 09:30:01.460,484792,25.5,200,Ask
SZ.000001,2021-05-19 09:30:01.460,484938,23.87,400,Bid
SZ.000001,2021-05-19 09:30:01.470,485409,26.0,200,Ask
SZ.000001,2021-05-19 09:30:01.470,485484,23.79,100,Ask
SZ.000001,2021-05-19 09:30:01.470,485708,23.85,600,Ask
SZ.000001,2021-05-19 09:30:01.480,485737,23.1,100,Bid
SZ.000001,2021-05-19 09:30:01.490,486641,24.08,2000,Ask
SZ.000001,2021-05-19 09:30:01.500,486956,23.65,100,Bid
SZ.000001,2021-05-19 09:30:01.500,486987,23.44,100,Bid
SZ.000001,2021-05-19 09:30:01.500,487281,23.54,4500,Bid
SZ.000001,2021-05-19 09:30:01.510,487464,24.5,1400,Ask
SZ.000001,2021-05-19 09:30:01.510,487530,23.84,100,Ask
SZ.000001,2021-05-19 09:30:01.510,487892,23.81,1000,Bid
SZ.000001,2021-05-19 09:30:01.510,487922,23.88,10000,Ask
SZ.000001,2021-05-19 09:30:01.540,489226,24.42,100,Ask
SZ.000001,2021-05-19 09:30:01.550,489588,26.29,380,Ask
SZ.000001,2021-05-19 09:30:01.550,489704,23.8,1300,Ask
SZ.000001,2021-05-19 09:30:01.550,489780,23.6,700,Bid
SZ.000001,2021-05-19 09:30:01.570,490479,23.42,600,Bid
SZ.000001,2021-05-19 09:30:01.580,491142,23.5,6000,Bid
SZ.000001,2021-05-19 09:30:01.590,491239,23.7,100,Bid
SZ.000001,2021-05-19 09:30:01.590,491311,24.5,100,Ask
SZ.000001,2021-05-19 09:30:01.590,491385,24.3,200,Ask
SZ.000001,2021-05-19 09:30:01.590,491604,23.5,200,Bid
SZ.000001,2021-05-19 09:30:01.590,491660,23.85,200,Ask
SZ.000001,2021-05-19 09:30:01.600,491846,23.82,200,Ask
SZ.000001,2021-05-19 09:30:01.600,491902,25.0,400,Ask
SZ.000001,2021-05-19 09:30:01.610,492279,22.21,3000,Ask
SZ.000001,2021-05-19 09:30:01.610,492540,23.99,200,Ask
SZ.000001,2021-05-19 09:30:01.610,492613,24.48,600,Ask
SZ.000001,2021-05-19 09:30:01.610,492638,23.85,900,Bid
SZ.000001,2021-05-19 09:30:01.620,492774,23.18,30000,Bid
SZ.000001,2021-05-19 09:30:01.620,492779,24.5,2000,Ask
SZ.000001,2021-05-19 09:30:01.640,493687,23.8,200,Bid
SZ.000001,2021-05-19 09:30:01.640,494152,23.8,1100,Ask
SZ.000001,2021-05-19 09:30:01.640,494158,24.0,800,Ask
SZ.000001,2021-05-19 09:30:01.640,494199,23.82,200,Ask
SZ.000001,2021-05-19 09:30:01.650,494574,22.7,6500,Bid
SZ.000001,2021-05-19 09:30:01.650,494583,24.3,6500,Ask
SZ.000001,2021-05-19 09:30:01.670,495677,23.61,1000,Bid
SZ.000001,2021-05-19 09:30:01.690,496652,24.2,500,Ask
SZ.000001,2021-05-19 09:30:01.720,498348,23.0,100,Bid
SZ.000001,2021-05-19 09:30:01.730,498710,23.77,100,Bid
SZ.000001,2021-05-19 09:30:01.730,498862,23.68,100,Bid
SZ.000001,2021-05-19 09:30:01.750,499541,23.66,100,Bid
SZ.000001,2021-05-19 09:30:01.750,499747,23.8,1000,Bid
SZ.000001,2021-05-19 09:30:01.770,500846,23.99,500,Ask
SZ.000001,2021-05-19 09:30:01.790,501647,23.02,100,Bid
SZ.000001,2021-05-19 09:30:01.800,501809,23.82,100,Bid
SZ.000001,2021-05-19 09:30:01.800,501858,23.6,10000,Bid
SZ.000001,2021-05-19 09:30:01.820,502631,23.83,2000,Bid
SZ.000001,2021-05-19 09:30:01.840,503145,22.6,200,Bid
SZ.000001,2021-05-19 09:30:01.840,503295,23.81,3000,Ask
SZ.000001,2021-05-19 09:30:01.840,503377,23.32,200,Bid
SZ.000001,2021-05-19 09:30:01.860,504228,23.0,1000,Bid
SZ.000001,2021-05-19 09:30:01.870,504600,24.11,1200,Ask
SZ.000001,2021-05-19 09:30:01.890,505291,23.9,2200,Bid
SZ.000001,2021-05-19 09:30:01.890,505582,23.74,800,Ask
SZ.000001,2021-05-19 09:30:01.920,506868,24.02,500,Ask
SZ.000001,2021-05-19 09:30:01.920,506902,24.2,300,Ask
SZ.000001,2021-05-19 09:30:01.930,507188,24.08,500,Ask
SZ.000001,2021-05-19 09:30:01.940,507470,23.82,1100,Ask
SZ.000001,2021-05-19 09:30:01.960,508428,23.74,800,Ask
SZ.000001,2021-05-19 09:30:01.960,508642,23.0,2000,Bid
SZ.000001,2021-05-19 09:30:01.970,508832,23.71,2000,Bid
SZ.000001,2021-05-19 09:30:01.980,509158,23.74,200,Bid
SZ.000001,2021-05-19 09:30:01.980,509304,23.8,6700,Ask
SZ.000001,2021-05-19 09:30:02.020,510624,23.32,8300,Bid
SZ.000001,2021-05-19 09:30:02.020,510747,24.19,800,Ask
SZ.000001,2021-05-19 09:30:02.020,510820,23.55,2100,Bid
SZ.000001,2021-05-19 09:30:02.030,511527,23.82,100,Ask
SZ.000001,2021-05-19 09:30:02.040,511901,23.52,100,Bid
SZ.000001,2021-05-19 09:30:02.050,512337,23.81,200,Ask
SZ.000001,2021-05-19 09:30:02.050,512376,23.82,1000,Ask
SZ.000001,2021-05-19 09:30:02.060,512766,23.98,100,Ask
SZ.000001,2021-05-19 09:30:02.060,512868,23.82,500,Ask
SZ.000001,2021-05-19 09:30:02.100,514665,24.9,1000,Ask
SZ.000001,2021-05-19 09:30:02.100,514939,23.35,1500,Bid
SZ.000001,2021-05-19 09:30:02.100,514964,26.29,200,Ask
SZ.000001,2021-05-19 09:30:02.100,514966,22.9,2000,Bid
SZ.000001,2021-05-19 09:30:02.140,516446,24.5,300,Ask
SZ.000001,2021-05-19 09:30:02.140,516558,23.4,1000,Bid
SZ.000001,2021-05-19 09:30:02.140,516761,23.82,100,Bid
SZ.000001,2021-05-19 09:30:02.160,517199,23.4,200,Bid
SZ.000001,2021-05-19 09:30:02.160,517352,24.19,400,Ask
SZ.000001,2021-05-19 09:30:02.170,517492,23.28,300,Bid
SZ.000001,2021-05-19 09:30:02.170,517778,23.42,100,Bid
SZ.000001,2021-05-19 09:30:02.220,519008,26.2,500,Ask
SZ.000001,2021-05-19 09:30:02.220,519025,23.72,100,Bid
SZ.000001,2021-05-19 09:30:02.220,519187,23.79,1400,Bid
SZ.000001,2021-05-19 09:30:02.220,519195,24.26,2100,Ask
SZ.000001,2021-05-19 09:30:02.230,519409,24.38,200,Ask
SZ.000001,2021-05-19 09:30:02.240,519583,24.32,2000,Ask
SZ.000001,2021-05-19 09:30:02.250,519886,23.71,300,Bid
SZ.000001,2021-05-19 09:30:02.260,520028,24.29,300,Ask
SZ.000001,2021-05-19 09:30:02.260,520405,23.55,2100,Bid
SZ.000001,2021-05-19 09:30:02.270,520472,23.08,1000,Bid
SZ.000001,2021-05-19 09:30:02.270,520788,24.79,800,Ask
SZ.000001,2021-05-19 09:30:02.280,521091,24.5,300,Ask
SZ.000001,2021-05-19 09:30:02.280,521320,23.67,2000,Bid
SZ.000001,2021-05-19 09:30:02.280,521375,23.85,100,Bid
SZ.000001,2021-05-19 09:30:02.300,522129,24.26,2100,Ask
SZ.000001,2021-05-19 09:30:02.320,522568,24.25,200,Ask
SZ.000001,2021-05-19 09:30:02.360,523690,24.6,3800,Ask
SZ.000001,2021-05-19 09:30:02.360,523980,24.48,5000,Ask
SZ.000001,2021-05-19 09:30:02.360,523992,23.85,300,Ask
SZ.000001,2021-05-19 09:30:02.390,524939,23.3,300,Bid
SZ.000001,2021-05-19 09:30:02.390,524994,23.79,2100,Ask
SZ.000001,2021-05-19 09:30:02.410,525551,26.0,18000,Ask
SZ.000001,2021-05-19 09:30:02.420,525782,25.5,500,Ask
SZ.000001,2021-05-19 09:30:02.420,525955,23.82,100,Ask
SZ.000001,2021-05-19 09:30:02.440,526704,23.02,2000,Bid
SZ.000001,2021-05-19 09:30:02.450,527195,23.52,500,Bid
SZ.000001,2021-05-19 09:30:02.460,527295,24.17,700,Ask
SZ.000001,2021-05-19 09:30:02.460,527341,24.19,4700,Ask
SZ.000001,2021-05-19 09:30:02.460,527416,22.77,2000,Bid
SZ.000001,2021-05-19 09:30:02.480,528216,24.5,200,Ask
SZ.000001,2021-05-19 09:30:02.480,528223,23.53,300,Bid
SZ.000001,2021-05-19 09:30:02.490,528642,23.35,5000,Bid
SZ.000001,2021-05-19 09:30:02.510,529422,23.84,200,Ask
SZ.000001,2021-05-19 09:30:02.520,529629,23.61,300,Bid
SZ.000001,2021-05-19 09:30:02.520,529710,24.1,100,Ask
SZ.000001,2021-05-19 09:30:02.530,530054,23.82,8700,Ask
SZ.000001,2021-05-19 09:30:02.530,530297,23.78,200,Bid
SZ.000001,2021-05-19 09:30:02.540,530378,24.3,1000,Ask
SZ.000001,2021-05-19 09:30:02.540,530735,23.22,2200,Bid
SZ.000001,2021-05-19 09:30:02.540,530749,23.47,300,Bid
SZ.000001,2021-05-19 09:30:02.560,531324,23.53,300,Bid
SZ.000001,2021-05-19 09:30:02.560,531550,23.66,300,Bid
SZ.000001,2021-05-19 09:30:02.580,532311,23.85,2000,Bid
SZ.000001,2021-05-19 09:30:02.590,532522,23.18,1000,Bid
SZ.000001,2021-05-19 09:30:02.600,532962,23.71,300,Bid
SZ.000001,2021-05-19 09:30:02.610,533358,24.07,500,Ask
SZ.000001,2021-05-19 09:30:02.620,533892,23.58,400,Bid
SZ.000001,2021-05-19 09:30:02.630,534292,26.29,1000,Ask
SZ.000001,2021-05-19 09:30:02.630,534320,23.82,300,Ask
SZ.000001,2021-05-19 09:30:02.640,534897,22.1,100,Bid
SZ.000001,2021-05-19 09:30:02.650,535392,23.85,200,Ask
SZ.000001,2021-05-19 09:30:02.650,535411,24.3,6500,Ask
SZ.000001,2021-05-19 09:30:02.650,535501,23.51,400,Bid
SZ.000001,2021-05-19 09:30:02.670,536211,25.0,4700,Ask
SZ.000001,2021-05-19 09:30:02.680,536754,23.28,100,Bid
SZ.000001,2021-05-19 09:30:02.690,536804,23.54,4000,Bid
SZ.000001,2021-05-19 09:30:02.700,537043,23.8,3000,Ask
SZ.000001,2021-05-19 09:30:02.700,537300,23.5,700,Bid
SZ.000001,2021-05-19 09:30:02.710,537621,23.71,2000,Bid
SZ.000001,2021-05-19 09:30:02.710,537668,24.28,1000,Ask
SZ.000001,2021-05-19 09:30:02.710,537730,23.8,100,Bid
SZ.000001,2021-05-19 09:30:02.720,537886,23.81,3000,Bid
SZ.000001,2021-05-19 09:30:02.730,538661,26.22,200,Ask
SZ.000001,2021-05-19 09:30:02.730,538734,24.29,200,Ask
SZ.000001,2021-05-19 09:30:02.750,539291,23.32,100,Bid
SZ.000001,2021-05-19 09:30:02.760,539549,23.8,2000,Ask
SZ.000001,2021-05-19 09:30:02.760,539644,24.74,100,Ask
SZ.000001,2021-05-19 09:30:02.780,540110,23.0,1000,Bid
SZ.000001,2021-05-19 09:30:02.830,541066,23.48,500,Bid
SZ.000001,2021-05-19 09:30:02.830,541150,23.8,700,Bid
SZ.000001,2021-05-19 09:30:02.830,541331,22.5,300,Bid
SZ.000001,2021-05-19 09:30:02.850,541913,24.36,100,Ask
SZ.000001,2021-05-19 09:30:02.880,542530,24.65,600,Ask
SZ.000001,2021-05-19 09:30:02.920,543674,23.79,6200,Bid
SZ.000001,2021-05-19 09:30:02.920,543730,24.1,100,Ask
SZ.000001,2021-05-19 09:30:02.920,543731,23.79,4900,Bid
SZ.000001,2021-05-19 09:30:02.960,544697,23.0,100,Bid
SZ.000001,2021-05-19 09:30:03.020,546493,23.82,400,Ask
SZ.000001,2021-05-19 09:30:03.030,546931,23.82,7300,Ask
SZ.000001,2021-05-19 09:30:03.040,547202,23.21,600,Bid
SZ.000001,2021-05-19 09:30:03.050,547397,24.0,100,Ask
SZ.000001,2021-05-19 09:30:03.070,548112,23.53,2000,Bid
SZ.000001,2021-05-19 09:30:03.070,548143,23.8,10100,Ask
SZ.000001,2021-05-19 09:30:03.080,548468,23.8,20000,Ask
SZ.000001,2021-05-19 09:30:03.090,549226,24.2,100,Ask
SZ.000001,2021-05-19 09:30:03.100,549430,23.93,3000,Ask
SZ.000001,2021-05-19 09:30:03.100,549545,23.38,4000,Bid
SZ.000001,2021-05-19 09:30:03.110,549747,24.42,100,Ask
SZ.000001,2021-05-19 09:30:03.120,550183,23.82,1000,Ask
SZ.000001,2021-05-19 09:30:03.150,550858,23.8,200,Bid
SZ.000001,2021-05-19 09:30:03.160,551059,23.62,300,Bid
SZ.000001,2021-05-19 09:30:03.220,552656,24.3,1000,Ask
SZ.000001,2021-05-19 09:30:03.230,553139,23.52,2300,Bid
SZ.000001,2021-05-19 09:30:03.250,553483,23.8,100,Ask
SZ.000001,2021-05-19 09:30:03.260,553709,24.37,100,Ask
SZ.000001,2021-05-19 09:30:03.270,554039,24.28,100,Ask
SZ.000001,2021-05-19 09:30:03.280,554178,23.82,400,Ask
SZ.000001,2021-05-19 09:30:03.300,554820,23.85,2200,Ask
SZ.000001,2021-05-19 09:30:03.300,555022,24.24,400,Ask
SZ.000001,2021-05-19 09:30:03.310,555381,23.8,500,Ask
SZ.000001,2021-05-19 09:30:03.360,556876,24.77,200,Ask
SZ.000001,2021-05-19 09:30:03.360,556975,24.6,100,Ask
SZ.000001,2021-05-19 09:30:03.370,557227,23.38,500,Bid
SZ.000001,2021-05-19 09:30:03.370,557366,25.0,3000,Ask
SZ.000001,2021-05-19 09:30:03.380,557660,21.63,100,Bid
SZ.000001,2021-05-19 09:30:03.380,557667,23.85,400,Ask
SZ.000001,2021-05-19 09:30:03.390,558226,23.65,1000,Bid
SZ.000001,2021-05-19 09:30:03.430,559443,26.0,800,Ask
SZ.000001,2021-05-19 09:30:03.440,559531,23.8,700,Bid
SZ.000001,2021-05-19 09:30:03.450,559897,23.85,1000,Ask
SZ.000001,2021-05-19 09:30:03.450,559975,23.8,6500,Bid
SZ.000001,2021-05-19 09:30:03.470,560614,23.9,500,Ask
SZ.000001,2021-05-19 09:30:03.480,560907,23.8,300,Bid
SZ.000001,2021-05-19 09:30:03.480,560962,24.38,200,Ask
SZ.000001,2021-05-19 09:30:03.520,562019,23.84,700,Ask
SZ.000001,2021-05-19 09:30:03.530,562336,23.51,1000,Bid
SZ.000001,2021-05-19 09:30:03.540,562598,23.45,1000,Bid
SZ.000001,2021-05-19 09:30:03.550,562859,25.0,100,Ask
SZ.000001,2021-05-19 09:30:03.550,562872,26.0,100,Ask
SZ.000001,2021-05-19 09:30:03.550,562949,23.84,12000,Ask
SZ.000001,2021-05-19 09:30:03.560,563223,23.82,2000,Bid
SZ.000001,2021-05-19 09:30:03.590,564214,23.79,100,Ask
SZ.000001,2021-05-19 09:30:03.590,564225,23.78,300,Ask
SZ.000001,2021-05-19 09:30:03.590,564357,23.79,100,Ask
SZ.000001,2021-05-19 09:30:03.590,564361,23.79,100,Ask
SZ.000001,2021-05-19 09:30:03.590,564382,23.79,100,Ask
SZ.000001,2021-05-19 09:30:03.590,564409,23.79,100,Ask
SZ.000001,2021-05-19 09:30:03.590,564431,23.79,100,Ask
SZ.000001,2021-05-19 09:30:03.590,564433,23.78,600,Ask
SZ.000001,2021-05-19 09:30:03.590,564436,23.79,100,Ask
SZ.000001,2021-05-19 09:30:03.590,564443,23.79,2200,Ask
SZ.000001,2021-05-19 09:30:03.590,564450,23.79,100,Ask
SZ.000001,2021-05-19 09:30:03.600,564605,23.79,100,Ask
SZ.000001,2021-05-19 09:30:03.600,564608,23.79,100,Ask
SZ.000001,2021-05-19 09:30:03.620,565074,23.79,800,Ask
SZ.000001,2021-05-19 09:30:03.620,565137,23.79,1600,Ask
SZ.000001,2021-05-19 09:30:03.620,565235,23.79,1000,Ask
SZ.000001,2021-05-19 09:30:03.620,565247,23.79,1000,Ask
SZ.000001,2021-05-19 09:30:03.620,565251,23.79,900,Ask
SZ.000001,2021-05-19 09:30:03.620,565272,23.98,2000,Ask
SZ.000001,2021-05-19 09:30:03.640,565600,23.79,1100,Ask
SZ.000001,2021-05-19 09:30:03.640,565766,23.85,100,Ask
SZ.000001,2021-05-19 09:30:03.660,566169,23.81,900,Bid
SZ.000001,2021-05-19 09:30:03.700,567432,23.05,1000,Bid
SZ.000001,2021-05-19 09:30:03.710,567483,24.1,2300,Ask
SZ.000001,2021-05-19 09:30:03.720,567726,23.82,500,Ask
SZ.000001,2021-05-19 09:30:03.720,567776,23.23,2000,Bid
SZ.000001,2021-05-19 09:30:03.740,568517,23.4,1000,Bid
SZ.000001,2021-05-19 09:30:03.750,568535,24.5,300,Ask
SZ.000001,2021-05-19 09:30:03.750,568681,24.62,3200,Ask
SZ.000001,2021-05-19 09:30:03.760,568942,23.79,100,Ask
SZ.000001,2021-05-19 09:30:03.760,568995,23.79,1000,Ask
SZ.000001,2021-05-19 09:30:03.790,569580,23.8,500,Bid
SZ.000001,2021-05-19 09:30:03.790,569611,23.79,100,Ask
SZ.000001,2021-05-19 09:30:03.800,569769,23.45,1000,Bid
SZ.000001,2021-05-19 09:30:03.800,569807,26.28,500,Ask
SZ.000001,2021-05-19 09:30:03.830,570320,23.8,12900,Bid
SZ.000001,2021-05-19 09:30:03.850,570718,24.53,200,Ask
SZ.000001,2021-05-19 09:30:03.860,570810,22.5,500,Bid
SZ.000001,2021-05-19 09:30:03.860,570894,24.88,500,Ask
SZ.000001,2021-05-19 09:30:03.860,571025,23.3,200,Bid
SZ.000001,2021-05-19 09:30:03.860,571117,23.79,300,Bid
SZ.000001,2021-05-19 09:30:03.880,571594,24.4,1000,Ask
SZ.000001,2021-05-19 09:30:03.890,571752,23.71,1000,Bid
SZ.000001,2021-05-19 09:30:03.930,572694,22.21,2500,Bid
SZ.000001,2021-05-19 09:30:03.940,572909,23.62,500,Bid
SZ.000001,2021-05-19 09:30:03.990,574016,23.7,1000,Bid
SZ.000001,2021-05-19 09:30:03.990,574068,26.0,1780,Ask
SZ.000001,2021-05-19 09:30:04.010,574316,23.5,300,Bid
SZ.000001,2021-05-19 09:30:04.040,574988,25.99,500,Ask
SZ.000001,2021-05-19 09:30:04.060,575263,23.82,2300,Bid
SZ.000001,2021-05-19 09:30:04.060,575285,25.0,500,Ask
SZ.000001,2021-05-19 09:30:04.080,575701,23.65,5000,Bid
SZ.000001,2021-05-19 09:30:04.090,576102,21.71,300,Bid
SZ.000001,2021-05-19 09:30:04.110,576805,24.28,300,Ask
SZ.000001,2021-05-19 09:30:04.120,577125,23.93,1100,Ask
SZ.000001,2021-05-19 09:30:04.120,577214,23.01,100,Bid
SZ.000001,2021-05-19 09:30:04.140,577530,23.52,52000,Bid
SZ.000001,2021-05-19 09:30:04.180,578275,23.83,200,Bid
SZ.000001,2021-05-19 09:30:04.180,578279,21.57,300,Bid
SZ.000001,2021-05-19 09:30:04.180,578306,22.39,100,Bid
SZ.000001,2021-05-19 09:30:04.190,578526,23.85,100,Ask
SZ.000001,2021-05-19 09:30:04.220,579240,21.67,100,Bid
SZ.000001,2021-05-19 09:30:04.220,579268,22.55,100,Bid
SZ.000001,2021-05-19 09:30:04.220,579282,22.48,100,Bid
SZ.000001,2021-05-19 09:30:04.240,579514,21.63,100,Bid
SZ.000001,2021-05-19 09:30:04.250,579975,23.79,800,Bid
SZ.000001,2021-05-19 09:30:04.260,580213,23.11,500,Bid
SZ.000001,2021-05-19 09:30:04.270,580535,23.79,200,Ask
SZ.000001,2021-05-19 09:30:04.280,580655,23.98,300,Bid
SZ.000001,2021-05-19 09:30:04.280,580679,23.79,300,Ask
SZ.000001,2021-05-19 09:30:04.320,581769,23.76,100,Bid
SZ.000001,2021-05-19 09:30:04.350,582392,24.5,500,Ask
SZ.000001,2021-05-19 09:30:04.350,582414,24.6,300,Ask
SZ.000001,2021-05-19 09:30:04.360,582627,24.26,300,Ask
SZ.000001,2021-05-19 09:30:04.360,582776,23.85,200,Bid
SZ.000001,2021-05-19 09:30:04.370,582843,23.75,2000,Bid
SZ.000001,2021-05-19 09:30:04.390,583346,23.82,100,Ask
SZ.000001,2021-05-19 09:30:04.410,583992,23.85,300,Ask
SZ.000001,2021-05-19 09:30:04.460,584995,24.06,500,Ask
SZ.000001,2021-05-19 09:30:04.520,586227,23.82,100,Ask
SZ.000001,2021-05-19 09:30:04.560,587459,24.04,100,Ask
SZ.000001,2021-05-19 09:30:04.610,588269,23.82,1000,Ask
SZ.000001,2021-05-19 09:30:04.660,588923,23.68,300,Bid
SZ.000001,2021-05-19 09:30:04.660,588960,23.83,26200,Bid
SZ.000001,2021-05-19 09:30:04.660,588971,23.78,100,Bid
SZ.000001,2021-05-19 09:30:04.680,589510,23.7,1100,Bid
SZ.000001,2021-05-19 09:30:04.710,590112,23.45,300,Bid
SZ.000001,2021-05-19 09:30:04.760,591219,21.63,100,Bid
SZ.000001,2021-05-19 09:30:04.790,591775,23.74,400,Ask
SZ.000001,2021-05-19 09:30:04.800,591802,23.81,100,Bid
SZ.000001,2021-05-19 09:30:04.810,592112,23.5,500,Bid
SZ.000001,2021-05-19 09:30:04.820,592203,23.74,400,Ask
SZ.000001,2021-05-19 09:30:04.840,592451,25.36,2000,Ask
SZ.000001,2021-05-19 09:30:04.850,592611,23.5,200,Bid
SZ.000001,2021-05-19 09:30:04.880,592968,23.82,100,Ask
SZ.000001,2021-05-19 09:30:04.910,593310,23.75,100,Ask
SZ.000001,2021-05-19 09:30:04.910,593312,23.75,100,Ask
SZ.000001,2021-05-19 09:30:04.910,593353,23.75,100,Ask
SZ.000001,2021-05-19 09:30:04.920,593435,23.79,4000,Bid
SZ.000001,2021-05-19 09:30:04.940,593868,25.0,400,Ask
SZ.000001,2021-05-19 09:30:04.950,593958,23.0,10000,Bid
SZ.000001,2021-05-19 09:30:04.950,594133,23.82,1300,Bid
SZ.000001,2021-05-19 09:30:05.030,595112,21.72,100,Bid
SZ.000001,2021-05-19 09:30:05.030,595195,23.93,100,Bid
SZ.000001,2021-05-19 09:30:05.040,595311,21.7,300,Bid
SZ.000001,2021-05-19 09:30:05.070,595649,23.8,1200,Ask
SZ.000001,2021-05-19 09:30:05.070,595691,23.8,200,Ask
SZ.000001,2021-05-19 09:30:05.080,595792,24.55,100,Ask
SZ.000001,2021-05-19 09:30:05.080,595838,23.1,2000,Bid
SZ.000001,2021-05-19 09:30:05.090,596091,24.3,100,Ask
SZ.000001,2021-05-19 09:30:05.100,596293,23.82,300,Ask
SZ.000001,2021-05-19 09:30:05.110,596505,23.1,500,Bid
SZ.000001,2021-05-19 09:30:05.150,597081,23.8,1700,Bid
SZ.000001,2021-05-19 09:30:05.150,597136,21.52,400,Bid
SZ.000001,2021-05-19 09:30:05.160,597214,22.64,200,Bid
SZ.000001,2021-05-19 09:30:05.170,597460,21.53,500,Bid
SZ.000001,2021-05-19 09:30:05.230,598386,21.8,100,Bid
SZ.000001,2021-05-19 09:30:05.260,598928,22.0,100,Bid
SZ.000001,2021-05-19 09:30:05.310,599803,23.82,1000,Bid
SZ.000001,2021-05-19 09:30:05.310,599853,24.27,100,Ask
SZ.000001,2021-05-19 09:30:05.350,600321,24.8,200,Ask
SZ.000001,2021-05-19 09:30:05.360,600580,21.63,100,Bid
SZ.000001,2021-05-19 09:30:05.360,600698,23.76,2000,Bid
SZ.000001,2021-05-19 09:30:05.380,601046,23.71,1800,Bid
SZ.000001,2021-05-19 09:30:05.380,601281,23.51,300,Bid
SZ.000001,2021-05-19 09:30:05.430,602285,23.5,300,Bid
SZ.000001,2021-05-19 09:30:05.430,602490,23.79,1100,Ask
SZ.000001,2021-05-19 09:30:05.440,602603,23.8,100,Ask
SZ.000001,2021-05-19 09:30:05.440,602716,24.14,1000,Ask
SZ.000001,2021-05-19 09:30:05.460,602949,23.8,100,Bid
SZ.000001,2021-05-19 09:30:05.460,603059,24.3,100,Ask
SZ.000001,2021-05-19 09:30:05.500,603621,21.63,100,Bid
SZ.000001,2021-05-19 09:30:05.500,603650,23.6,100,Bid
SZ.000001,2021-05-19 09:30:05.570,605067,26.29,100,Ask
SZ.000001,2021-05-19 09:30:05.580,605145,23.85,100,Ask
SZ.000001,2021-05-19 09:30:05.650,606178,23.55,200,Bid
SZ.000001,2021-05-19 09:30:05.670,606637,23.01,100,Bid
SZ.000001,2021-05-19 09:30:05.670,606695,23.08,500,Bid
SZ.000001,2021-05-19 09:30:05.690,606988,23.8,400,Ask
SZ.000001,2021-05-19 09:30:05.800,608656,23.8,100,Ask
SZ.000001,2021-05-19 09:30:05.870,609524,26.0,10000,Ask
SZ.000001,2021-05-19 09:30:05.870,609571,24.26,500,Ask
SZ.000001,2021-05-19 09:30:05.870,609572,23.85,1000,Bid
SZ.000001,2021-05-19 09:30:05.890,610022,25.0,400,Ask
SZ.000001,2021-05-19 09:30:05.940,610681,23.7,3000,Bid
SZ.000001,2021-05-19 09:30:05.950,610873,24.19,1000,Ask
SZ.000001,2021-05-19 09:30:05.950,610876,23.27,500,Bid
SZ.000001,2021-05-19 09:30:05.990,611280,24.3,100,Ask
SZ.000001,2021-05-19 09:30:06.030,611706,23.79,1900,Ask
SZ.000001,2021-05-19 09:30:06.040,611775,21.63,200,Bid
SZ.000001,2021-05-19 09:30:06.040,611845,23.79,500,Ask
SZ.000001,2021-05-19 09:30:06.040,611875,21.53,100,Bid
SZ.000001,2021-05-19 09:30:06.060,611993,23.95,200,Ask
SZ.000001,2021-05-19 09:30:06.060,612093,21.72,100,Bid
SZ.000001,2021-05-19 09:30:06.080,612355,23.48,1000,Bid
SZ.000001,2021-05-19 09:30:06.100,612579,23.8,200,Ask
SZ.000001,2021-05-19 09:30:06.130,612900,23.5,1000,Bid
SZ.000001,2021-05-19 09:30:06.160,613385,23.28,1000,Bid
SZ.000001,2021-05-19 09:30:06.170,613454,23.79,2300,Ask
SZ.000001,2021-05-19 09:30:06.170,613460,23.79,1000,Ask
SZ.000001,2021-05-19 09:30:06.180,613610,24.02,300,Bid
SZ.000001,2021-05-19 09:30:06.180,613632,22.58,500,Bid
SZ.000001,2021-05-19 09:30:06.200,614097,23.0,3000,Bid
SZ.000001,2021-05-19 09:30:06.200,614159,23.85,200,Bid
SZ.000001,2021-05-19 09:30:06.210,614217,23.8,200,Bid
SZ.000001,2021-05-19 09:30:06.220,614297,23.79,2100,Ask
SZ.000001,2021-05-19 09:30:06.220,614314,23.8,300,Ask
SZ.000001,2021-05-19 09:30:06.220,614329,23.8,700,Ask
SZ.000001,2021-05-19 09:30:06.250,614892,21.51,100,Bid
SZ.000001,2021-05-19 09:30:06.250,614904,22.3,300,Bid
SZ.000001,2021-05-19 09:30:06.250,614927,21.54,100,Bid
SZ.000001,2021-05-19 09:30:06.250,614956,23.71,1000,Bid
SZ.000001,2021-05-19 09:30:06.260,615118,21.63,100,Bid
SZ.000001,2021-05-19 09:30:06.280,615290,23.8,900,Ask
SZ.000001,2021-05-19 09:30:06.280,615299,23.8,1800,Ask
SZ.000001,2021-05-19 09:30:06.280,615374,23.79,100,Ask
SZ.000001,2021-05-19 09:30:06.300,615723,23.79,200,Ask
SZ.000001,2021-05-19 09:30:06.300,615748,23.79,100,Ask
SZ.000001,2021-05-19 09:30:06.330,615979,23.79,700,Ask
SZ.000001,2021-05-19 09:30:06.330,615989,23.79,300,Ask
SZ.000001,2021-05-19 09:30:06.350,616145,23.79,900,Ask
SZ.000001,2021-05-19 09:30:06.350,616146,23.79,1800,Ask
SZ.000001,2021-05-19 09:30:06.370,616332,23.79,2000,Ask
SZ.000001,2021-05-19 09:30:06.380,616590,24.8,1000,Ask
SZ.000001,2021-05-19 09:30:06.380,616665,23.82,2100,Bid
SZ.000001,2021-05-19 09:30:06.420,617249,23.79,1500,Ask
SZ.000001,2021-05-19 09:30:06.420,617255,25.5,3000,Ask
SZ.000001,2021-05-19 09:30:06.440,617828,23.4,1000,Bid
SZ.000001,2021-05-19 09:30:06.460,618026,23.79,3200,Ask
SZ.000001,2021-05-19 09:30:06.460,618140,25.68,100,Ask
SZ.000001,2021-05-19 09:30:06.480,618290,23.79,400,Ask
SZ.000001,2021-05-19 09:30:06.490,618535,23.79,1400,Ask
SZ.000001,2021-05-19 09:30:06.540,619284,23.82,1000,Ask
SZ.000001,2021-05-19 09:30:06.550,619460,21.63,100,Bid
SZ.000001,2021-05-19 09:30:06.590,620233,23.79,100,Ask
SZ.000001,2021-05-19 09:30:06.590,620245,23.79,100,Ask
SZ.000001,2021-05-19 09:30:06.590,620248,23.79,100,Ask
SZ.000001,2021-05-19 09:30:06.590,620264,23.79,100,Ask
SZ.000001,2021-05-19 09:30:06.600,620267,23.79,1600,Ask
SZ.000001,2021-05-19 09:30:06.600,620274,23.79,1800,Ask
SZ.000001,2021-05-19 09:30:06.600,620342,23.8,6900,Bid
SZ.000001,2021-05-19 09:30:06.600,620352,23.8,700,Bid
SZ.000001,2021-05-19 09:30:06.670,621408,25.8,100,Ask
SZ.000001,2021-05-19 09:30:06.730,622670,26.27,1000,Ask
SZ.000001,2021-05-19 09:30:06.740,622753,24.5,1000,Ask
SZ.000001,2021-05-19 09:30:06.770,623201,26.17,600,Ask
SZ.000001,2021-05-19 09:30:06.810,623712,23.79,300,Ask
SZ.000001,2021-05-19 09:30:06.820,623734,23.76,1800,Ask
SZ.000001,2021-05-19 09:30:06.860,624320,23.4,1100,Bid
SZ.000001,2021-05-19 09:30:06.890,624829,23.81,200,Bid
SZ.000001,2021-05-19 09:30:06.900,625036,26.28,100,Ask
SZ.000001,2021-05-19 09:30:06.900,625043,23.85,500,Bid
SZ.000001,2021-05-19 09:30:06.910,625183,23.55,1000,Bid
SZ.000001,2021-05-19 09:30:06.920,625383,23.8,100,Ask
SZ.000001,2021-05-19 09:30:06.930,625409,23.8,200,Ask
SZ.000001,2021-05-19 09:30:06.950,625701,23.79,1600,Ask
SZ.000001,2021-05-19 09:30:07.010,626086,24.31,5000,Ask
SZ.000001,2021-05-19 09:30:07.030,626455,23.79,600,Ask
SZ.000001,2021-05-19 09:30:07.040,626494,23.54,200,Bid
SZ.000001,2021-05-19 09:30:07.170,628043,23.76,1800,Ask
SZ.000001,2021-05-19 09:30:07.180,628063,23.76,1800,Ask
SZ.000001,2021-05-19 09:30:07.190,628155,21.7,600,Bid
SZ.000001,2021-05-19 09:30:07.200,628279,23.84,100,Ask
SZ.000001,2021-05-19 09:30:07.200,628305,22.57,600,Bid
SZ.000001,2021-05-19 09:30:07.200,628336,21.56,600,Bid
SZ.000001,2021-05-19 09:30:07.200,628367,23.89,500,Ask
SZ.000001,2021-05-19 09:30:07.240,628988,23.79,100,Bid
SZ.000001,2021-05-19 09:30:07.290,629686,22.63,300,Bid
SZ.000001,2021-05-19 09:30:07.290,629717,22.49,100,Bid
SZ.000001,2021-05-19 09:30:07.320,630154,23.79,1100,Ask
SZ.000001,2021-05-19 09:30:07.350,630509,21.63,100,Bid
SZ.000001,2021-05-19 09:30:07.360,630818,23.66,3400,Bid
SZ.000001,2021-05-19 09:30:07.430,631698,21.63,100,Bid
SZ.000001,2021-05-19 09:30:07.430,631786,23.79,1400,Bid
SZ.000001,2021-05-19 09:30:07.560,633404,23.7,12000,Ask
SZ.000001,2021-05-19 09:30:07.610,633962,23.81,400,Bid
SZ.000001,2021-05-19 09:30:07.610,634051,24.36,8200,Ask
SZ.000001,2021-05-19 09:30:07.660,634523,23.79,5200,Bid
SZ.000001,2021-05-19 09:30:07.660,634551,26.29,200,Ask
SZ.000001,2021-05-19 09:30:07.680,634773,23.08,100,Bid
SZ.000001,2021-05-19 09:30:07.700,635143,23.8,100,Ask
SZ.000001,2021-05-19 09:30:07.710,635191,24.05,5000,Ask
SZ.000001,2021-05-19 09:30:07.710,635230,23.29,100,Bid
SZ.000001,2021-05-19 09:30:07.710,635281,23.82,500,Bid
SZ.000001,2021-05-19 09:30:07.740,635735,24.19,5000,Ask
SZ.000001,2021-05-19 09:30:07.750,635816,23.74,800,Ask
SZ.000001,2021-05-19 09:30:07.750,635836,24.0,500,Ask
SZ.000001,2021-05-19 09:30:07.770,636005,23.74,800,Ask
SZ.000001,2021-05-19 09:30:07.770,636017,23.79,4400,Ask
SZ.000001,2021-05-19 09:30:07.960,637261,23.79,2500,Ask
SZ.000001,2021-05-19 09:30:08.030,637582,23.82,200,Bid
SZ.000001,2021-05-19 09:30:08.070,638005,23.79,500,Ask
SZ.000001,2021-05-19 09:30:08.080,638234,23.79,200,Ask
SZ.000001,2021-05-19 09:30:08.090,638421,23.79,100,Bid
SZ.000001,2021-05-19 09:30:08.100,638456,23.79,100,Bid
SZ.000001,2021-05-19 09:30:08.120,638736,23.79,100,Bid
SZ.000001,2021-05-19 09:30:08.130,638867,23.75,1000,Bid
SZ.000001,2021-05-19 09:30:08.180,639476,23.8,200,Ask
SZ.000001,2021-05-19 09:30:08.360,641173,23.79,4500,Ask
SZ.000001,2021-05-19 09:30:08.380,641438,23.74,600,Ask
SZ.000001,2021-05-19 09:30:08.430,642162,23.8,100,Ask
SZ.000001,2021-05-19 09:30:08.470,642530,23.74,900,Ask
SZ.000001,2021-05-19 09:30:08.580,643571,23.8,800,Ask
SZ.000001,2021-05-19 09:30:08.620,644210,22.66,200,Bid
SZ.000001,2021-05-19 09:30:08.620,644212,23.8,2000,Bid
SZ.000001,2021-05-19 09:30:08.760,645693,21.63,100,Bid
SZ.000001,2021-05-19 09:30:08.760,645694,21.63,100,Bid
SZ.000001,2021-05-19 09:30:08.850,646205,24.2,100,Ask
SZ.000001,2021-05-19 09:30:08.850,646221,23.2,100,Bid
SZ.000001,2021-05-19 09:30:08.860,646252,21.63,100,Bid
SZ.000001,2021-05-19 09:30:08.890,646449,21.63,100,Bid
SZ.000001,2021-05-19 09:30:08.950,646908,23.79,300,Ask
SZ.000001,2021-05-19 09:30:08.950,646909,23.32,300,Bid
SZ.000001,2021-05-19 09:30:09.050,647528,23.51,500,Bid
SZ.000001,2021-05-19 09:30:09.160,648610,23.79,1700,Ask
SZ.000001,2021-05-19 09:30:09.230,649057,23.83,300,Bid
SZ.000001,2021-05-19 09:30:09.230,649064,23.79,1800,Ask
SZ.000001,2021-05-19 09:30:09.290,649536,21.63,100,Bid
SZ.000001,2021-05-19 09:30:09.300,649760,21.63,100,Bid
SZ.000001,2021-05-19 09:30:09.350,650047,21.63,100,Bid
SZ.000001,2021-05-19 09:30:09.400,650342,23.79,100,Ask
SZ.000001,2021-05-19 09:30:09.460,650579,23.89,500,Ask
SZ.000001,2021-05-19 09:30:09.490,650750,21.63,100,Bid
SZ.000001,2021-05-19 09:30:09.550,651075,21.63,100,Bid
SZ.000001,2021-05-19 09:30:09.550,651089,23.79,900,Ask
SZ.000001,2021-05-19 09:30:09.660,651947,23.79,100,Ask
SZ.000001,2021-05-19 09:30:09.670,652089,23.72,2000,Ask
SZ.000001,2021-05-19 09:30:09.710,652321,23.65,100,Bid
SZ.000001,2021-05-19 09:30:09.780,652827,23.69,13000,Ask
SZ.000001,2021-05-19 09:30:09.860,653501,24.5,1000,Ask
SZ.000001,2021-05-19 09:30:09.880,653679,23.79,400,Ask
SZ.000001,2021-05-19 09:30:10.020,654855,23.78,200,Ask
SZ.000001,2021-05-19 09:30:10.070,655571,23.69,13000,Ask
SZ.000001,2021-05-19 09:30:10.070,655649,23.72,200,Ask
SZ.000001,2021-05-19 09:30:10.160,656860,23.68,600,Bid
SZ.000001,2021-05-19 09:30:10.180,657079,23.81,300,Bid
SZ.000001,2021-05-19 09:30:10.180,657119,23.81,300,Ask
SZ.000001,2021-05-19 09:30:10.190,657131,23.81,300,Ask
SZ.000001,2021-05-19 09:30:10.190,657154,23.81,300,Ask
SZ.000001,2021-05-19 09:30:10.230,657609,23.78,400,Ask
SZ.000001,2021-05-19 09:30:10.230,657610,23.78,500,Ask
SZ.000001,2021-05-19 09:30:10.290,658246,22.99,500,Bid
SZ.000001,2021-05-19 09:30:10.330,658614,23.78,400,Ask
SZ.000001,2021-05-19 09:30:10.520,660057,22.2,400,Bid
SZ.000001,2021-05-19 09:30:10.610,660702,22.97,400,Bid
SZ.000001,2021-05-19 09:30:10.690,661186,23.15,1000,Bid
SZ.000001,2021-05-19 09:30:10.710,661274,23.82,500,Ask
SZ.000001,2021-05-19 09:30:10.750,661410,23.67,400,Ask
SZ.000001,2021-05-19 09:30:10.750,661412,23.67,400,Ask
SZ.000001,2021-05-19 09:30:10.770,661494,23.78,200,Ask
SZ.000001,2021-05-19 09:30:10.820,661835,21.63,100,Bid
SZ.000001,2021-05-19 09:30:10.860,662027,21.63,100,Bid
SZ.000001,2021-05-19 09:30:10.890,662192,24.57,10000,Ask
SZ.000001,2021-05-19 09:30:11.030,662802,23.79,100,Ask
SZ.000001,2021-05-19 09:30:11.040,662821,21.63,100,Bid
SZ.000001,2021-05-19 09:30:11.090,663265,23.78,100,Ask
SZ.000001,2021-05-19 09:30:11.240,664097,23.79,900,Ask
SZ.000001,2021-05-19 09:30:11.280,664481,23.78,4100,Ask
SZ.000001,2021-05-19 09:30:11.290,664624,23.72,200,Bid
SZ.000001,2021-05-19 09:30:11.320,664876,23.8,2000,Ask
SZ.000001,2021-05-19 09:30:11.330,664977,25.88,1000,Ask
SZ.000001,2021-05-19 09:30:11.450,665656,23.8,100,Bid
SZ.000001,2021-05-19 09:30:11.460,665748,21.63,100,Bid
SZ.000001,2021-05-19 09:30:11.550,666111,25.58,200,Ask
SZ.000001,2021-05-19 09:30:11.770,667349,23.81,300,Ask
SZ.000001,2021-05-19 09:30:11.790,667422,23.5,500,Bid
SZ.000001,2021-05-19 09:30:11.820,667639,23.8,100,Ask
SZ.000001,2021-05-19 09:30:12.110,669440,23.8,200,Ask
SZ.000001,2021-05-19 09:30:12.110,669441,23.8,200,Ask
SZ.000001,2021-05-19 09:30:12.120,669475,23.8,200,Ask
SZ.000001,2021-05-19 09:30:12.120,669488,23.8,600,Ask
SZ.000001,2021-05-19 09:30:12.150,669640,23.8,700,Ask
SZ.000001,2021-05-19 09:30:12.210,670013,23.78,100,Ask
SZ.000001,2021-05-19 09:30:12.240,670432,23.79,200,Ask
SZ.000001,2021-05-19 09:30:12.330,671312,23.79,200,Ask
SZ.000001,2021-05-19 09:30:12.370,671448,23.32,300,Bid
SZ.000001,2021-05-19 09:30:12.380,671550,23.71,3000,Ask
SZ.000001,2021-05-19 09:30:12.480,672021,23.7,1000,Bid
SZ.000001,2021-05-19 09:30:12.520,672145,23.78,100,Ask
SZ.000001,2021-05-19 09:30:12.520,672150,23.78,100,Ask
SZ.000001,2021-05-19 09:30:12.520,672155,23.75,100,Ask
SZ.000001,2021-05-19 09:30:12.520,672164,23.78,100,Ask
SZ.000001,2021-05-19 09:30:12.520,672191,23.7,900,Ask
SZ.000001,2021-05-19 09:30:12.520,672195,23.78,800,Ask
SZ.000001,2021-05-19 09:30:12.520,672196,23.71,400,Ask
SZ.000001,2021-05-19 09:30:12.520,672197,23.78,200,Ask
SZ.000001,2021-05-19 09:30:12.520,672198,23.78,1100,Ask
SZ.000001,2021-05-19 09:30:12.520,672199,23.78,300,Ask
SZ.000001,2021-05-19 09:30:12.520,672200,23.78,1400,Ask
SZ.000001,2021-05-19 09:30:12.520,672201,23.78,900,Ask
SZ.000001,2021-05-19 09:30:12.530,672204,23.78,900,Ask
SZ.000001,2021-05-19 09:30:12.530,672205,23.78,1000,Ask
SZ.000001,2021-05-19 09:30:12.650,673031,23.77,200,Ask
SZ.000001,2021-05-19 09:30:12.670,673159,22.5,4000,Bid
SZ.000001,2021-05-19 09:30:13.130,676914,23.73,200,Ask
SZ.000001,2021-05-19 09:30:13.300,678695,25.0,700,Ask
SZ.000001,2021-05-19 09:30:13.320,678812,23.8,400,Ask
SZ.000001,2021-05-19 09:30:13.330,678919,21.63,100,Bid
SZ.000001,2021-05-19 09:30:13.370,679306,23.79,200,Ask
SZ.000001,2021-05-19 09:30:13.380,679383,23.79,500,Ask
SZ.000001,2021-05-19 09:30:13.460,680068,23.72,200,Bid
SZ.000001,2021-05-19 09:30:13.470,680142,23.7,100,Ask
SZ.000001,2021-05-19 09:30:13.500,680288,23.79,600,Ask
SZ.000001,2021-05-19 09:30:13.580,680944,23.81,800,Ask
SZ.000001,2021-05-19 09:30:13.580,680970,23.78,100,Ask
SZ.000001,2021-05-19 09:30:13.720,681821,23.67,300,Ask
SZ.000001,2021-05-19 09:30:13.730,681837,23.51,400,Bid
SZ.000001,2021-05-19 09:30:13.750,681921,23.67,300,Ask
SZ.000001,2021-05-19 09:30:13.800,682231,23.78,4500,Ask
SZ.000001,2021-05-19 09:30:13.860,682573,22.8,2700,Bid
SZ.000001,2021-05-19 09:30:14.000,683283,23.79,200,Ask
SZ.000001,2021-05-19 09:30:14.000,683284,23.79,200,Ask
SZ.000001,2021-05-19 09:30:14.000,683285,23.79,200,Ask
SZ.000001,2021-05-19 09:30:14.010,683342,23.79,200,Ask
SZ.000001,2021-05-19 09:30:14.010,683389,23.79,200,Ask
SZ.000001,2021-05-19 09:30:14.010,683390,23.79,100,Ask
SZ.000001,2021-05-19 09:30:14.010,683403,23.79,200,Ask
SZ.000001,2021-05-19 09:30:14.030,683587,23.79,100,Ask
SZ.000001,2021-05-19 09:30:14.160,684333,23.79,200,Ask
SZ.000001,2021-05-19 09:30:14.180,684446,23.79,500,Ask
SZ.000001,2021-05-19 09:30:14.250,684694,23.8,2400,Bid
SZ.000001,2021-05-19 09:30:14.250,684697,21.63,100,Bid
SZ.000001,2021-05-19 09:30:14.280,684914,23.78,100,Ask
SZ.000001,2021-05-19 09:30:14.830,687350,22.9,1000,Bid
SZ.000001,2021-05-19 09:30:14.980,687802,23.75,300,Ask
SZ.000001,2021-05-19 09:30:15.020,687980,23.71,400,Bid
SZ.000001,2021-05-19 09:30:15.020,687997,23.72,200,Ask
SZ.000001,2021-05-19 09:30:15.060,688255,23.78,4700,Bid
SZ.000001,2021-05-19 09:30:15.190,688926,23.67,4900,Ask
SZ.000001,2021-05-19 09:30:15.200,688962,23.78,400,Bid
SZ.000001,2021-05-19 09:30:15.210,689093,23.78,600,Bid
SZ.000001,2021-05-19 09:30:15.260,689356,21.63,100,Bid
SZ.000001,2021-05-19 09:30:15.290,689605,23.71,2800,Bid
SZ.000001,2021-05-19 09:30:15.290,689606,23.71,2000,Bid
SZ.000001,2021-05-19 09:30:15.290,689609,23.71,2800,Bid
SZ.000001,2021-05-19 09:30:15.290,689610,23.71,700,Bid
SZ.000001,2021-05-19 09:30:15.290,689611,23.71,2200,Bid
SZ.000001,2021-05-19 09:30:15.290,689622,23.71,400,Bid
SZ.000001,2021-05-19 09:30:15.290,689699,23.33,5000,Bid
SZ.000001,2021-05-19 09:30:15.410,690417,23.77,4500,Ask
SZ.000001,2021-05-19 09:30:15.430,690495,23.78,12200,Bid
SZ.000001,2021-05-19 09:30:15.520,690974,23.78,100,Ask
SZ.000001,2021-05-19 09:30:15.520,691004,23.78,100,Ask
SZ.000001,2021-05-19 09:30:15.540,691077,23.78,800,Ask
SZ.000001,2021-05-19 09:30:15.540,691080,23.78,800,Ask
SZ.000001,2021-05-19 09:30:15.540,691088,23.78,200,Ask
SZ.000001,2021-05-19 09:30:15.540,691107,23.78,700,Ask
SZ.000001,2021-05-19 09:30:15.540,691110,23.78,1200,Ask
SZ.000001,2021-05-19 09:30:15.540,691111,23.78,400,Ask
SZ.000001,2021-05-19 09:30:15.540,691112,23.78,900,Ask
SZ.000001,2021-05-19 09:30:15.550,691130,23.78,200,Ask
SZ.000001,2021-05-19 09:30:15.560,691182,23.78,700,Ask
SZ.000001,2021-05-19 09:30:15.650,691626,23.78,600,Ask
SZ.000001,2021-05-19 09:30:15.670,691699,24.3,500,Ask
SZ.000001,2021-05-19 09:30:15.790,692562,23.67,11200,Ask
SZ.000001,2021-05-19 09:30:15.790,692578,23.55,500,Bid
SZ.000001,2021-05-19 09:30:16.000,693743,23.78,100,Ask
SZ.000001,2021-05-19 09:30:16.110,694864,23.78,300,Ask
SZ.000001,2021-05-19 09:30:16.140,695020,23.78,200,Ask
SZ.000001,2021-05-19 09:30:16.180,695440,23.7,2400,Bid
SZ.000001,2021-05-19 09:30:16.280,696266,23.61,400,Bid
SZ.000001,2021-05-19 09:30:16.290,696578,23.72,300,Ask
SZ.000001,2021-05-19 09:30:16.300,696597,23.51,700,Bid
SZ.000001,2021-05-19 09:30:16.370,697155,24.76,1000,Ask
SZ.000001,2021-05-19 09:30:16.420,697629,23.7,11400,Bid
SZ.000001,2021-05-19 09:30:16.430,697668,23.81,300,Ask
SZ.000001,2021-05-19 09:30:16.450,697767,23.7,1600,Ask
SZ.000001,2021-05-19 09:30:16.500,698024,23.81,300,Ask
SZ.000001,2021-05-19 09:30:16.610,698701,23.5,5000,Bid
SZ.000001,2021-05-19 09:30:16.830,699632,23.77,100,Ask
SZ.000001,2021-05-19 09:30:17.030,700520,26.29,500,Ask
SZ.000001,2021-05-19 09:30:17.280,702015,23.7,100,Ask
SZ.000001,2021-05-19 09:30:17.700,703987,23.87,200,Ask
SZ.000001,2021-05-19 09:30:17.850,704581,22.5,1300,Bid
SZ.000001,2021-05-19 09:30:18.140,705902,21.63,100,Bid
SZ.000001,2021-05-19 09:30:18.230,706307,23.78,100,Ask
SZ.000001,2021-05-19 09:30:18.270,706425,25.0,100,Ask
SZ.000001,2021-05-19 09:30:18.310,706892,23.4,2000,Bid
SZ.000001,2021-05-19 09:30:18.320,706924,23.92,500,Ask
SZ.000001,2021-05-19 09:30:18.510,707821,23.72,100,Bid
SZ.000001,2021-05-19 09:30:18.530,707872,23.77,100,Ask
SZ.000001,2021-05-19 09:30:18.540,707896,23.78,100,Ask
SZ.000001,2021-05-19 09:30:18.630,708667,23.65,200,Ask
SZ.000001,2021-05-19 09:30:18.630,708670,23.65,200,Ask
SZ.000001,2021-05-19 09:30:18.690,709076,23.78,1600,Bid
SZ.000001,2021-05-19 09:30:18.760,709443,23.71,4500,Bid
SZ.000001,2021-05-19 09:30:18.780,709575,21.63,100,Bid
SZ.000001,2021-05-19 09:30:18.780,709587,23.72,800,Ask
SZ.000001,2021-05-19 09:30:18.780,709600,23.72,800,Ask
SZ.000001,2021-05-19 09:30:18.780,709612,23.72,200,Ask
SZ.000001,2021-05-19 09:30:18.780,709629,21.63,100,Bid
SZ.000001,2021-05-19 09:30:18.790,709668,21.63,100,Bid
SZ.000001,2021-05-19 09:30:18.800,709702,23.72,700,Ask
SZ.000001,2021-05-19 09:30:18.820,709857,21.63,100,Bid
SZ.000001,2021-05-19 09:30:18.820,709872,21.63,100,Bid
SZ.000001,2021-05-19 09:30:18.830,709910,21.63,100,Bid
SZ.000001,2021-05-19 09:30:18.890,710204,21.63,100,Bid
SZ.000001,2021-05-19 09:30:19.100,711837,23.5,3100,Bid
SZ.000001,2021-05-19 09:30:19.180,712477,21.63,100,Bid
SZ.000001,2021-05-19 09:30:19.280,713246,23.71,100,Ask
SZ.000001,2021-05-19 09:30:19.290,713364,23.72,12600,Bid
SZ.000001,2021-05-19 09:30:19.370,714077,21.63,100,Bid
SZ.000001,2021-05-19 09:30:19.450,714778,23.97,100,Bid
SZ.000001,2021-05-19 09:30:19.480,714948,23.72,200,Bid
SZ.000001,2021-05-19 09:30:19.660,715797,23.78,600,Ask
SZ.000001,2021-05-19 09:30:19.750,716140,23.65,300,Ask
SZ.000001,2021-05-19 09:30:19.750,716142,23.65,300,Ask
SZ.000001,2021-05-19 09:30:19.830,716409,23.78,200,Bid
SZ.000001,2021-05-19 09:30:19.860,716534,23.66,100,Ask
SZ.000001,2021-05-19 09:30:19.860,716536,23.66,100,Ask
SZ.000001,2021-05-19 09:30:19.900,716763,23.66,100,Ask
SZ.000001,2021-05-19 09:30:19.990,717063,23.82,500,Ask
SZ.000001,2021-05-19 09:30:20.440,719686,21.63,100,Bid
SZ.000001,2021-05-19 09:30:20.500,720056,21.63,100,Bid
SZ.000001,2021-05-19 09:30:20.510,720092,23.82,1200,Ask
SZ.000001,2021-05-19 09:30:20.780,721182,23.78,1400,Ask
SZ.000001,2021-05-19 09:30:20.880,721474,23.7,12400,Ask
SZ.000001,2021-05-19 09:30:21.370,724054,22.82,1000,Bid
SZ.000001,2021-05-19 09:30:21.510,724581,23.71,100,Ask
SZ.000001,2021-05-19 09:30:21.510,724594,23.71,100,Ask
SZ.000001,2021-05-19 09:30:21.520,724623,23.71,100,Ask
SZ.000001,2021-05-19 09:30:21.520,724625,23.71,100,Ask
SZ.000001,2021-05-19 09:30:21.520,724638,23.71,100,Ask
SZ.000001,2021-05-19 09:30:21.540,724750,23.77,300,Ask
SZ.000001,2021-05-19 09:30:21.550,724789,23.78,200,Bid
SZ.000001,2021-05-19 09:30:21.560,724893,23.77,1300,Ask
SZ.000001,2021-05-19 09:30:21.630,725220,23.73,1400,Bid
SZ.000001,2021-05-19 09:30:21.720,725712,23.68,9400,Ask
SZ.000001,2021-05-19 09:30:21.730,725827,23.73,300,Ask
SZ.000001,2021-05-19 09:30:21.940,727088,23.7,100,Bid
SZ.000001,2021-05-19 09:30:22.180,729024,23.79,500,Ask
SZ.000001,2021-05-19 09:30:22.580,731937,26.29,200,Ask
SZ.000001,2021-05-19 09:30:22.630,732139,23.3,2000,Bid
SZ.000001,2021-05-19 09:30:22.690,732356,23.66,100,Ask
SZ.000001,2021-05-19 09:30:22.700,732406,23.66,100,Ask
SZ.000001,2021-05-19 09:30:23.280,734749,23.71,100,Bid
SZ.000001,2021-05-19 09:30:23.430,735615,23.77,100,Ask
SZ.000001,2021-05-19 09:30:23.620,736291,23.7,10000,Ask
SZ.000001,2021-05-19 09:30:23.770,736774,23.81,300,Ask
SZ.000001,2021-05-19 09:30:23.900,737175,23.77,100,Ask
SZ.000001,2021-05-19 09:30:24.290,738979,23.71,100,Ask
SZ.000001,2021-05-19 09:30:24.290,739102,23.71,5400,Bid
SZ.000001,2021-05-19 09:30:24.290,739104,23.71,3200,Bid
SZ.000001,2021-05-19 09:30:24.290,739105,23.71,2100,Bid
SZ.000001,2021-05-19 09:30:24.330,739215,23.77,400,Ask
SZ.000001,2021-05-19 09:30:24.350,739390,23.71,1200,Bid
SZ.000001,2021-05-19 09:30:24.510,739996,23.73,100,Bid
SZ.000001,2021-05-19 09:30:24.520,740026,23.71,900,Bid
SZ.000001,2021-05-19 09:30:24.630,740586,23.71,100,Ask
SZ.000001,2021-05-19 09:30:24.690,740855,23.73,1200,Bid
SZ.000001,2021-05-19 09:30:24.760,741331,23.71,700,Ask
SZ.000001,2021-05-19 09:30:24.810,741642,23.7,300,Ask
SZ.000001,2021-05-19 09:30:25.220,744230,23.53,100,Bid
SZ.000001,2021-05-19 09:30:25.300,744966,23.71,100,Ask
SZ.000001,2021-05-19 09:30:25.400,745751,23.71,300,Ask
SZ.000001,2021-05-19 09:30:25.610,746742,24.48,1000,Ask
SZ.000001,2021-05-19 09:30:25.680,747057,23.65,300,Ask
SZ.000001,2021-05-19 09:30:25.690,747075,23.71,400,Ask
SZ.000001,2021-05-19 09:30:25.700,747161,23.65,300,Ask
SZ.000001,2021-05-19 09:30:25.730,747271,23.7,5000,Bid
SZ.000001,2021-05-19 09:30:25.740,747324,23.71,400,Ask
SZ.000001,2021-05-19 09:30:25.840,747680,23.7,300,Bid
SZ.000001,2021-05-19 09:30:26.280,749398,23.71,100,Ask
SZ.000001,2021-05-19 09:30:26.350,749681,23.7,100,Ask
SZ.000001,2021-05-19 09:30:26.650,750810,23.71,7300,Ask
SZ.000001,2021-05-19 09:30:26.680,750901,23.73,1000,Bid
SZ.000001,2021-05-19 09:30:26.710,750971,23.72,1700,Ask
SZ.000001,2021-05-19 09:30:26.710,750984,23.72,2100,Bid
SZ.000001,2021-05-19 09:30:26.710,750986,23.72,5400,Bid
SZ.000001,2021-05-19 09:30:26.710,750987,23.72,3200,Bid
SZ.000001,2021-05-19 09:30:26.710,750992,21.63,100,Bid
SZ.000001,2021-05-19 09:30:26.740,751055,21.63,100,Bid
SZ.000001,2021-05-19 09:30:26.750,751110,21.63,100,Bid
SZ.000001,2021-05-19 09:30:26.760,751142,23.72,1200,Bid
SZ.000001,2021-05-19 09:30:26.790,751209,21.63,100,Bid
SZ.000001,2021-05-19 09:30:26.840,751332,21.63,100,Bid
SZ.000001,2021-05-19 09:30:26.950,751712,23.87,1200,Ask
SZ.000001,2021-05-19 09:30:27.020,751879,23.73,5900,Bid
SZ.000001,2021-05-19 09:30:27.140,752372,22.0,200,Bid
SZ.000001,2021-05-19 09:30:27.140,752386,23.73,400,Bid
SZ.000001,2021-05-19 09:30:27.160,752420,23.73,700,Bid
SZ.000001,2021-05-19 09:30:27.390,753278,23.73,15300,Bid
SZ.000001,2021-05-19 09:30:27.450,753587,23.71,700,Bid
SZ.000001,2021-05-19 09:30:27.500,753772,23.73,100,Ask
SZ.000001,2021-05-19 09:30:27.500,753775,23.73,100,Ask
SZ.000001,2021-05-19 09:30:27.510,753822,23.73,100,Ask
SZ.000001,2021-05-19 09:30:27.510,753827,23.73,100,Ask
SZ.000001,2021-05-19 09:30:27.510,753829,23.73,100,Ask
SZ.000001,2021-05-19 09:30:27.510,753833,23.73,100,Ask
SZ.000001,2021-05-19 09:30:27.550,753973,23.77,600,Ask
SZ.000001,2021-05-19 09:30:27.770,755158,23.55,2000,Bid
SZ.000001,2021-05-19 09:30:27.800,755333,23.0,700,Bid
SZ.000001,2021-05-19 09:30:28.100,757236,23.77,1400,Ask
SZ.000001,2021-05-19 09:30:28.220,758010,23.76,100,Ask
SZ.000001,2021-05-19 09:30:28.230,758040,23.85,200,Bid
SZ.000001,2021-05-19 09:30:28.230,758067,23.78,100,Bid
SZ.000001,2021-05-19 09:30:28.270,758285,23.7,50000,Ask
SZ.000001,2021-05-19 09:30:28.360,758782,25.3,5000,Ask
SZ.000001,2021-05-19 09:30:28.360,758799,23.77,600,Bid
SZ.000001,2021-05-19 09:30:28.500,759594,24.09,2500,Ask
SZ.000001,2021-05-19 09:30:28.680,760378,23.68,100,Ask
SZ.000001,2021-05-19 09:30:28.690,760406,23.68,100,Ask
SZ.000001,2021-05-19 09:30:28.700,760443,23.41,4000,Bid
SZ.000001,2021-05-19 09:30:28.860,760978,23.71,200,Bid
SZ.000001,2021-05-19 09:30:29.500,763691,23.7,200,Bid
SZ.000001,2021-05-19 09:30:29.630,764132,23.7,5000,Bid
SZ.000001,2021-05-19 09:30:29.710,764413,23.7,200,Bid
SZ.000001,2021-05-19 09:30:29.840,764832,23.76,100,Ask
SZ.000001,2021-05-19 09:30:29.860,765219,23.72,300,Bid
SZ.000001,2021-05-19 09:30:29.930,765515,24.5,100,Ask
SZ.000001,2021-05-19 09:30:29.970,765660,23.73,400,Bid
SZ.000001,2021-05-19 09:30:30.250,766996,23.73,400,Ask
SZ.000001,2021-05-19 09:30:30.400,767601,23.99,100,Ask
SZ.000001,2021-05-19 09:30:30.500,767973,23.73,100,Ask
SZ.000001,2021-05-19 09:30:30.500,767976,23.73,100,Ask
SZ.000001,2021-05-19 09:30:30.500,767977,23.73,100,Ask
SZ.000001,2021-05-19 09:30:30.500,767988,23.73,100,Ask
SZ.000001,2021-05-19 09:30:30.500,768002,23.73,2100,Bid
SZ.000001,2021-05-19 09:30:30.500,768007,23.73,5400,Bid
SZ.000001,2021-05-19 09:30:30.500,768008,23.73,3200,Bid
SZ.000001,2021-05-19 09:30:30.500,768010,23.73,100,Ask
SZ.000001,2021-05-19 09:30:30.500,768012,23.73,100,Ask
SZ.000001,2021-05-19 09:30:30.510,768045,23.73,200,Ask
SZ.000001,2021-05-19 09:30:30.510,768065,23.73,100,Ask
SZ.000001,2021-05-19 09:30:30.550,768214,23.73,1200,Bid
SZ.000001,2021-05-19 09:30:30.670,768843,23.7,100,Ask
SZ.000001,2021-05-19 09:30:30.970,770812,23.53,500,Bid
SZ.000001,2021-05-19 09:30:31.040,771238,23.7,100,Ask
SZ.000001,2021-05-19 09:30:31.370,773498,23.7,1000,Ask
SZ.000001,2021-05-19 09:30:31.460,774179,23.1,500,Bid
SZ.000001,2021-05-19 09:30:31.590,774813,23.7,300,Ask
SZ.000001,2021-05-19 09:30:31.710,775265,23.68,500,Ask
SZ.000001,2021-05-19 09:30:31.730,775353,23.68,500,Ask
SZ.000001,2021-05-19 09:30:31.740,775381,23.73,300,Ask
SZ.000001,2021-05-19 09:30:31.840,775822,23.71,2500,Bid
SZ.000001,2021-05-19 09:30:31.970,776284,23.73,400,Bid
SZ.000001,2021-05-19 09:30:32.350,778004,23.5,300,Bid
SZ.000001,2021-05-19 09:30:32.420,778214,22.68,800,Bid
SZ.000001,2021-05-19 09:30:32.500,778416,23.51,1000,Bid
SZ.000001,2021-05-19 09:30:32.750,779344,23.76,100,Bid
SZ.000001,2021-05-19 09:30:32.880,779814,23.73,100,Ask
SZ.000001,2021-05-19 09:30:32.970,780111,23.76,1300,Bid
SZ.000001,2021-05-19 09:30:33.130,780875,23.73,1500,Ask
SZ.000001,2021-05-19 09:30:33.230,781319,23.73,300,Ask
SZ.000001,2021-05-19 09:30:33.240,781337,23.73,600,Ask
SZ.000001,2021-05-19 09:30:33.440,782194,23.0,100,Bid
SZ.000001,2021-05-19 09:30:33.490,782343,24.2,100,Ask
SZ.000001,2021-05-19 09:30:33.520,782472,22.0,500,Bid
SZ.000001,2021-05-19 09:30:33.520,782524,23.76,100,Ask
SZ.000001,2021-05-19 09:30:33.540,782624,23.73,100,Ask
SZ.000001,2021-05-19 09:30:33.550,782653,23.73,400,Ask
SZ.000001,2021-05-19 09:30:33.560,782684,23.76,100,Ask
SZ.000001,2021-05-19 09:30:33.560,782704,23.76,400,Ask
SZ.000001,2021-05-19 09:30:33.600,782844,23.73,300,Ask
SZ.000001,2021-05-19 09:30:33.600,782865,23.76,100,Ask
SZ.000001,2021-05-19 09:30:33.720,783456,23.76,100,Ask
SZ.000001,2021-05-19 09:30:33.730,783510,21.51,100,Bid
SZ.000001,2021-05-19 09:30:33.760,783696,23.31,4000,Bid
SZ.000001,2021-05-19 09:30:33.760,783704,23.7,3700,Ask
SZ.000001,2021-05-19 09:30:33.870,784404,23.5,500,Bid
SZ.000001,2021-05-19 09:30:33.990,785088,23.73,9500,Bid
SZ.000001,2021-05-19 09:30:34.040,785411,23.7,3700,Ask
SZ.000001,2021-05-19 09:30:34.040,785415,23.7,3700,Ask
SZ.000001,2021-05-19 09:30:34.070,785567,23.76,100,Bid
SZ.000001,2021-05-19 09:30:34.140,786121,23.82,1000,Ask
SZ.000001,2021-05-19 09:30:34.270,786954,23.7,500,Bid
SZ.000001,2021-05-19 09:30:34.430,788050,23.77,1000,Ask
SZ.000001,2021-05-19 09:30:34.450,788194,23.92,1200,Ask
SZ.000001,2021-05-19 09:30:34.480,788341,22.02,1000,Bid
SZ.000001,2021-05-19 09:30:34.600,788924,23.7,100,Ask
SZ.000001,2021-05-19 09:30:34.610,788950,23.77,10000,Ask
SZ.000001,2021-05-19 09:30:34.680,789282,23.6,400,Bid
SZ.000001,2021-05-19 09:30:34.810,789849,23.73,100,Ask
SZ.000001,2021-05-19 09:30:34.830,789891,23.69,100,Ask
SZ.000001,2021-05-19 09:30:34.860,790013,23.69,100,Ask
SZ.000001,2021-05-19 09:30:34.880,790083,23.71,200,Ask
SZ.000001,2021-05-19 09:30:34.880,790098,23.71,100,Ask
SZ.000001,2021-05-19 09:30:34.880,790105,23.71,200,Ask
SZ.000001,2021-05-19 09:30:34.900,790217,23.69,100,Ask
SZ.000001,2021-05-19 09:30:35.110,791132,23.73,100,Ask
SZ.000001,2021-05-19 09:30:35.370,792123,23.6,1000,Bid
SZ.000001,2021-05-19 09:30:35.420,792372,23.78,700,Ask
SZ.000001,2021-05-19 09:30:35.510,792747,22.6,1000,Bid
SZ.000001,2021-05-19 09:30:36.030,794845,23.7,200,Bid
SZ.000001,2021-05-19 09:30:36.050,794932,23.71,200,Bid
SZ.000001,2021-05-19 09:30:36.150,795350,22.0,200,Bid
SZ.000001,2021-05-19 09:30:36.350,796133,23.71,700,Bid
SZ.000001,2021-05-19 09:30:36.420,796468,23.76,100,Ask
SZ.000001,2021-05-19 09:30:36.510,796730,23.73,100,Ask
SZ.000001,2021-05-19 09:30:36.510,796732,23.73,100,Ask
SZ.000001,2021-05-19 09:30:36.510,796740,23.73,100,Ask
SZ.000001,2021-05-19 09:30:36.510,796747,23.73,100,Ask
SZ.000001,2021-05-19 09:30:36.520,796782,23.73,100,Ask
SZ.000001,2021-05-19 09:30:36.540,796878,23.76,200,Ask
SZ.000001,2021-05-19 09:30:36.550,796951,23.76,300,Ask
SZ.000001,2021-05-19 09:30:36.550,796953,23.76,100,Ask
SZ.000001,2021-05-19 09:30:36.550,796965,23.73,100,Ask
SZ.000001,2021-05-19 09:30:36.560,796983,23.73,200,Ask
SZ.000001,2021-05-19 09:30:36.620,797222,23.73,100,Ask
SZ.000001,2021-05-19 09:30:36.660,797343,22.89,300,Bid
SZ.000001,2021-05-19 09:30:36.680,797459,23.7,2800,Ask
SZ.000001,2021-05-19 09:30:36.690,797485,23.7,100,Ask
SZ.000001,2021-05-19 09:30:36.690,797487,23.7,200,Ask
SZ.000001,2021-05-19 09:30:36.690,797491,23.7,200,Ask
SZ.000001,2021-05-19 09:30:36.690,797512,23.38,1000,Bid
SZ.000001,2021-05-19 09:30:36.690,797530,23.7,200,Ask
SZ.000001,2021-05-19 09:30:36.710,797616,23.7,200,Ask
SZ.000001,2021-05-19 09:30:36.910,798954,23.7,2800,Ask
SZ.000001,2021-05-19 09:30:36.910,798962,23.7,2800,Ask
SZ.000001,2021-05-19 09:30:36.920,799064,23.72,1200,Bid
SZ.000001,2021-05-19 09:30:36.990,799459,23.76,1400,Ask
SZ.000001,2021-05-19 09:30:37.040,799813,23.88,700,Ask
SZ.000001,2021-05-19 09:30:37.080,800122,23.7,100,Ask
SZ.000001,2021-05-19 09:30:37.080,800124,23.7,200,Ask
SZ.000001,2021-05-19 09:30:37.080,800126,23.7,100,Ask
SZ.000001,2021-05-19 09:30:37.090,800197,23.7,200,Ask
SZ.000001,2021-05-19 09:30:37.200,800986,23.43,300,Bid
SZ.000001,2021-05-19 09:30:37.280,801439,23.5,200,Bid
SZ.000001,2021-05-19 09:30:37.380,802132,23.66,1000,Bid
SZ.000001,2021-05-19 09:30:37.430,802443,23.4,500,Bid
SZ.000001,2021-05-19 09:30:37.530,802957,24.15,1200,Ask
SZ.000001,2021-05-19 09:30:37.720,803631,23.68,200,Ask
SZ.000001,2021-05-19 09:30:37.730,803644,23.72,400,Ask
SZ.000001,2021-05-19 09:30:37.760,803776,23.68,200,Ask
SZ.000001,2021-05-19 09:30:37.760,803807,23.72,400,Ask
SZ.000001,2021-05-19 09:30:38.010,804792,24.6,500,Ask
SZ.000001,2021-05-19 09:30:38.140,805446,23.73,800,Bid
SZ.000001,2021-05-19 09:30:38.300,806125,21.63,100,Bid
SZ.000001,2021-05-19 09:30:38.380,806419,21.63,100,Bid
SZ.000001,2021-05-19 09:30:38.390,806444,21.63,100,Bid
SZ.000001,2021-05-19 09:30:38.420,806527,21.63,100,Bid
SZ.000001,2021-05-19 09:30:38.420,806540,23.7,600,Ask
SZ.000001,2021-05-19 09:30:38.440,806602,23.76,100,Ask
SZ.000001,2021-05-19 09:30:38.480,806804,23.73,200,Ask
SZ.000001,2021-05-19 09:30:38.510,806920,23.76,200,Ask
SZ.000001,2021-05-19 09:30:38.560,807158,23.78,6700,Ask
SZ.000001,2021-05-19 09:30:38.570,807176,21.63,100,Bid
SZ.000001,2021-05-19 09:30:38.580,807211,23.48,200,Bid
SZ.000001,2021-05-19 09:30:38.600,807296,21.63,100,Bid
SZ.000001,2021-05-19 09:30:38.680,807565,23.51,100,Bid
SZ.000001,2021-05-19 09:30:38.770,807881,23.01,1000,Bid
SZ.000001,2021-05-19 09:30:39.010,808758,23.21,4000,Bid
SZ.000001,2021-05-19 09:30:39.040,808906,23.76,4800,Bid
SZ.000001,2021-05-19 09:30:39.040,808944,23.76,1500,Ask
SZ.000001,2021-05-19 09:30:39.070,809029,23.73,400,Ask
SZ.000001,2021-05-19 09:30:39.190,809499,23.76,1000,Ask
SZ.000001,2021-05-19 09:30:39.270,809797,23.76,600,Bid
SZ.000001,2021-05-19 09:30:39.280,809858,23.76,300,Bid
SZ.000001,2021-05-19 09:30:39.390,810212,23.76,12500,Bid
SZ.000001,2021-05-19 09:30:39.390,810231,23.76,300,Ask
SZ.000001,2021-05-19 09:30:39.400,810253,23.76,100,Ask
SZ.000001,2021-05-19 09:30:39.520,810721,23.73,100,Bid
SZ.000001,2021-05-19 09:30:39.520,810729,23.73,100,Bid
SZ.000001,2021-05-19 09:30:39.740,811669,23.73,5000,Bid
SZ.000001,2021-05-19 09:30:39.900,812518,23.82,100,Ask
SZ.000001,2021-05-19 09:30:40.220,814506,23.73,400,Bid
SZ.000001,2021-05-19 09:30:40.260,814772,21.51,200,Bid
SZ.000001,2021-05-19 09:30:40.310,815051,21.51,100,Bid
SZ.000001,2021-05-19 09:30:40.310,815052,21.51,300,Bid
SZ.000001,2021-05-19 09:30:40.310,815053,21.51,400,Bid
SZ.000001,2021-05-19 09:30:40.380,815588,23.76,200,Ask
SZ.000001,2021-05-19 09:30:40.500,816247,23.7,300,Bid
SZ.000001,2021-05-19 09:30:40.560,816492,23.66,2000,Bid
SZ.000001,2021-05-19 09:30:40.710,817195,23.73,100,Ask
SZ.000001,2021-05-19 09:30:40.730,817247,23.65,200,Ask
SZ.000001,2021-05-19 09:30:40.730,817249,23.65,200,Ask
SZ.000001,2021-05-19 09:30:40.890,817895,23.5,500,Bid
SZ.000001,2021-05-19 09:30:40.920,817972,23.78,200,Bid
SZ.000001,2021-05-19 09:30:41.350,819805,23.68,200,Bid
SZ.000001,2021-05-19 09:30:41.370,819872,23.77,100,Ask
SZ.000001,2021-05-19 09:30:41.490,820357,24.4,100,Ask
SZ.000001,2021-05-19 09:30:41.580,820631,24.31,5000,Ask
SZ.000001,2021-05-19 09:30:41.760,821239,24.5,1000,Ask
SZ.000001,2021-05-19 09:30:41.810,821391,23.73,100,Ask
SZ.000001,2021-05-19 09:30:41.820,821417,23.76,300,Ask
SZ.000001,2021-05-19 09:30:41.890,821657,23.76,100,Ask
SZ.000001,2021-05-19 09:30:42.180,823026,23.7,5700,Bid
SZ.000001,2021-05-19 09:30:42.260,823409,23.73,200,Ask
SZ.000001,2021-05-19 09:30:42.350,823799,23.71,5000,Bid
SZ.000001,2021-05-19 09:30:42.360,823858,23.8,100,Bid
SZ.000001,2021-05-19 09:30:42.420,824097,23.7,400,Bid
SZ.000001,2021-05-19 09:30:42.510,824423,23.76,100,Ask
SZ.000001,2021-05-19 09:30:42.510,824426,23.76,100,Ask
SZ.000001,2021-05-19 09:30:42.510,824430,23.76,100,Ask
SZ.000001,2021-05-19 09:30:42.510,824433,23.76,100,Ask
SZ.000001,2021-05-19 09:30:42.510,824437,23.76,100,Ask
SZ.000001,2021-05-19 09:30:42.510,824441,23.76,100,Ask
SZ.000001,2021-05-19 09:30:42.510,824447,23.76,100,Ask
SZ.000001,2021-05-19 09:30:42.510,824449,23.76,100,Ask
SZ.000001,2021-05-19 09:30:42.510,824451,23.76,100,Ask
SZ.000001,2021-05-19 09:30:42.510,824453,23.76,100,Ask
SZ.000001,2021-05-19 09:30:42.510,824460,23.76,100,Ask
SZ.000001,2021-05-19 09:30:42.510,824462,23.76,100,Ask
SZ.000001,2021-05-19 09:30:42.510,824464,23.76,100,Ask
SZ.000001,2021-05-19 09:30:42.510,824467,23.76,1600,Ask
SZ.000001,2021-05-19 09:30:42.510,824470,23.76,1800,Ask
SZ.000001,2021-05-19 09:30:42.510,824472,23.76,100,Ask
SZ.000001,2021-05-19 09:30:42.540,824586,23.76,300,Ask
SZ.000001,2021-05-19 09:30:42.550,824609,23.76,200,Ask
SZ.000001,2021-05-19 09:30:42.550,824627,23.76,200,Ask
SZ.000001,2021-05-19 09:30:42.550,824631,23.76,800,Ask
SZ.000001,2021-05-19 09:30:42.590,824819,23.76,100,Ask
SZ.000001,2021-05-19 09:30:42.600,824868,23.76,100,Ask
SZ.000001,2021-05-19 09:30:42.610,824992,23.2,1000,Bid
SZ.000001,2021-05-19 09:30:42.620,825020,23.5,900,Bid
SZ.000001,2021-05-19 09:30:42.620,825030,23.76,500,Ask
SZ.000001,2021-05-19 09:30:42.660,825174,23.76,4200,Ask
SZ.000001,2021-05-19 09:30:42.700,825424,23.73,4400,Ask
SZ.000001,2021-05-19 09:30:43.090,827773,23.77,100,Ask
SZ.000001,2021-05-19 09:30:43.270,828986,23.4,400,Bid
SZ.000001,2021-05-19 09:30:43.290,829119,23.7,6400,Ask
SZ.000001,2021-05-19 09:30:43.420,830027,23.62,500,Bid
SZ.000001,2021-05-19 09:30:43.440,830250,23.73,100,Ask
SZ.000001,2021-05-19 09:30:43.490,830478,23.58,300,Bid
SZ.000001,2021-05-19 09:30:43.530,830654,23.73,400,Bid
SZ.000001,2021-05-19 09:30:43.820,831960,23.55,500,Bid
SZ.000001,2021-05-19 09:30:43.940,832564,23.76,100,Ask
SZ.000001,2021-05-19 09:30:44.360,834348,23.76,300,Ask
SZ.000001,2021-05-19 09:30:44.390,834460,21.63,100,Bid
SZ.000001,2021-05-19 09:30:44.450,834733,23.7,3000,Bid
SZ.000001,2021-05-19 09:30:44.490,834885,23.6,500,Bid
SZ.000001,2021-05-19 09:30:44.520,835033,21.63,100,Bid
SZ.000001,2021-05-19 09:30:44.580,835431,21.63,100,Bid
SZ.000001,2021-05-19 09:30:44.610,835547,23.67,400,Bid
SZ.000001,2021-05-19 09:30:44.630,835612,23.4,100,Ask
SZ.000001,2021-05-19 09:30:44.770,836104,21.63,100,Bid
SZ.000001,2021-05-19 09:30:44.790,836218,21.63,100,Bid
SZ.000001,2021-05-19 09:30:44.790,836221,21.63,100,Bid
SZ.000001,2021-05-19 09:30:44.840,836478,21.63,100,Bid
SZ.000001,2021-05-19 09:30:44.840,836489,21.63,100,Bid
SZ.000001,2021-05-19 09:30:44.860,836521,23.76,1500,Bid
SZ.000001,2021-05-19 09:30:44.900,836714,21.63,100,Bid
SZ.000001,2021-05-19 09:30:44.920,836779,21.63,100,Bid
SZ.000001,2021-05-19 09:30:45.000,837095,21.63,100,Bid
SZ.000001,2021-05-19 09:30:45.000,837111,23.76,300,Ask
SZ.000001,2021-05-19 09:30:45.000,837113,23.76,300,Ask
SZ.000001,2021-05-19 09:30:45.000,837114,23.76,300,Ask
SZ.000001,2021-05-19 09:30:45.070,837490,23.73,1000,Bid
SZ.000001,2021-05-19 09:30:45.120,837758,23.7,1000,Bid
SZ.000001,2021-05-19 09:30:45.230,838180,23.7,900,Ask
SZ.000001,2021-05-19 09:30:45.240,838247,23.73,400,Ask
SZ.000001,2021-05-19 09:30:45.250,838264,21.63,100,Bid
SZ.000001,2021-05-19 09:30:45.250,838272,21.63,100,Bid
SZ.000001,2021-05-19 09:30:45.280,838406,23.76,100,Bid
SZ.000001,2021-05-19 09:30:45.530,839333,23.71,300,Bid
SZ.000001,2021-05-19 09:30:45.620,839845,21.63,100,Bid
SZ.000001,2021-05-19 09:30:45.660,840046,23.7,500,Bid
SZ.000001,2021-05-19 09:30:45.700,840267,23.76,100,Ask
SZ.000001,2021-05-19 09:30:45.970,841894,23.71,200,Bid
SZ.000001,2021-05-19 09:30:46.190,843311,21.63,100,Bid
SZ.000001,2021-05-19 09:30:46.210,843510,23.79,500,Ask
SZ.000001,2021-05-19 09:30:46.460,845324,23.73,2400,Bid
SZ.000001,2021-05-19 09:30:46.480,845413,21.63,100,Bid
SZ.000001,2021-05-19 09:30:46.500,845473,21.63,100,Bid
SZ.000001,2021-05-19 09:30:46.500,845476,21.63,100,Bid
SZ.000001,2021-05-19 09:30:46.500,845483,21.63,100,Bid
SZ.000001,2021-05-19 09:30:46.530,845600,21.63,100,Bid
SZ.000001,2021-05-19 09:30:46.580,845780,21.63,100,Bid
SZ.000001,2021-05-19 09:30:46.590,845812,21.63,100,Bid
SZ.000001,2021-05-19 09:30:46.610,845889,23.73,100,Bid
SZ.000001,2021-05-19 09:30:46.610,845892,21.63,100,Bid
SZ.000001,2021-05-19 09:30:46.620,845957,23.7,500,Ask
SZ.000001,2021-05-19 09:30:46.690,846350,21.63,100,Bid
SZ.000001,2021-05-19 09:30:46.700,846363,21.63,100,Bid
SZ.000001,2021-05-19 09:30:46.710,846418,23.68,200,Ask
SZ.000001,2021-05-19 09:30:46.750,846555,24.03,500,Ask
SZ.000001,2021-05-19 09:30:46.760,846626,23.68,200,Ask
SZ.000001,2021-05-19 09:30:46.780,846715,21.63,100,Bid
SZ.000001,2021-05-19 09:30:46.840,846953,23.76,11400,Bid
SZ.000001,2021-05-19 09:30:46.840,846956,21.63,100,Bid
SZ.000001,2021-05-19 09:30:46.840,846968,23.76,200,Ask
SZ.000001,2021-05-19 09:30:46.840,846972,23.76,300,Ask
SZ.000001,2021-05-19 09:30:46.840,846974,23.76,300,Ask
SZ.000001,2021-05-19 09:30:46.860,847043,21.63,100,Bid
SZ.000001,2021-05-19 09:30:46.870,847087,23.73,200,Ask
SZ.000001,2021-05-19 09:30:47.120,848258,23.73,2200,Ask
SZ.000001,2021-05-19 09:30:47.440,849540,23.76,100,Ask
SZ.000001,2021-05-19 09:30:47.460,849653,23.7,600,Bid
SZ.000001,2021-05-19 09:30:47.510,849845,23.73,100,Bid
SZ.000001,2021-05-19 09:30:47.540,849978,21.63,100,Bid
SZ.000001,2021-05-19 09:30:47.560,850065,23.76,100,Ask
SZ.000001,2021-05-19 09:30:47.620,850277,23.7,600,Ask
SZ.000001,2021-05-19 09:30:47.670,850457,23.76,100,Ask
SZ.000001,2021-05-19 09:30:47.750,850722,23.76,1000,Ask
SZ.000001,2021-05-19 09:30:47.750,850755,23.76,100,Ask
SZ.000001,2021-05-19 09:30:47.750,850761,23.76,400,Ask
SZ.000001,2021-05-19 09:30:47.800,850931,23.76,400,Ask
SZ.000001,2021-05-19 09:30:47.970,851761,23.76,400,Bid
SZ.000001,2021-05-19 09:30:48.080,852390,23.76,100,Ask
SZ.000001,2021-05-19 09:30:48.100,852451,23.77,100,Ask
SZ.000001,2021-05-19 09:30:48.140,852589,23.73,1000,Bid
SZ.000001,2021-05-19 09:30:48.470,853906,24.05,3000,Ask
SZ.000001,2021-05-19 09:30:48.510,854038,23.76,100,Ask
SZ.000001,2021-05-19 09:30:48.510,854043,23.76,100,Ask
SZ.000001,2021-05-19 09:30:48.510,854045,23.76,100,Ask
SZ.000001,2021-05-19 09:30:48.510,854061,23.76,100,Ask
SZ.000001,2021-05-19 09:30:48.510,854064,23.76,100,Ask
SZ.000001,2021-05-19 09:30:48.510,854070,23.76,100,Ask
SZ.000001,2021-05-19 09:30:48.550,854242,23.76,100,Ask
SZ.000001,2021-05-19 09:30:48.560,854278,23.76,600,Ask
SZ.000001,2021-05-19 09:30:48.580,854370,23.76,100,Ask
SZ.000001,2021-05-19 09:30:48.670,854822,23.76,2100,Ask
SZ.000001,2021-05-19 09:30:48.680,854837,23.76,200,Ask
SZ.000001,2021-05-19 09:30:48.680,854839,23.76,100,Ask
SZ.000001,2021-05-19 09:30:48.680,854841,23.76,100,Ask
SZ.000001,2021-05-19 09:30:48.680,854863,23.76,200,Ask
SZ.000001,2021-05-19 09:30:48.750,855137,23.73,4100,Ask
SZ.000001,2021-05-19 09:30:48.830,855553,23.76,300,Ask
SZ.000001,2021-05-19 09:30:48.840,855629,23.71,10000,Bid
SZ.000001,2021-05-19 09:30:49.120,857701,23.76,100,Ask
SZ.000001,2021-05-19 09:30:49.570,860491,23.76,100,Ask
SZ.000001,2021-05-19 09:30:49.580,860575,23.73,4000,Ask
SZ.000001,2021-05-19 09:30:49.680,860996,23.76,300,Ask
SZ.000001,2021-05-19 09:30:49.680,861017,23.76,300,Ask
SZ.000001,2021-05-19 09:30:49.710,861132,23.9,300,Ask
SZ.000001,2021-05-19 09:30:49.760,861299,23.71,100,Ask
SZ.000001,2021-05-19 09:30:49.760,861301,23.71,100,Ask
SZ.000001,2021-05-19 09:30:49.830,861545,23.67,100,Ask
SZ.000001,2021-05-19 09:30:49.840,861637,23.76,700,Ask
SZ.000001,2021-05-19 09:30:49.840,861638,23.76,200,Ask
SZ.000001,2021-05-19 09:30:49.840,861643,23.76,100,Ask
SZ.000001,2021-05-19 09:30:49.870,861732,23.67,100,Ask
SZ.000001,2021-05-19 09:30:49.900,861875,23.76,3200,Bid
SZ.000001,2021-05-19 09:30:49.900,861887,23.67,100,Ask
SZ.000001,2021-05-19 09:30:50.140,863079,23.78,1000,Ask
SZ.000001,2021-05-19 09:30:50.390,864139,23.76,10000,Ask
SZ.000001,2021-05-19 09:30:50.450,864365,23.73,20000,Ask
SZ.000001,2021-05-19 09:30:50.480,864501,23.77,700,Ask
SZ.000001,2021-05-19 09:30:50.510,864582,23.79,100,Ask
SZ.000001,2021-05-19 09:30:50.530,864667,23.76,13600,Bid
SZ.000001,2021-05-19 09:30:50.540,864697,23.76,500,Ask
SZ.000001,2021-05-19 09:30:50.540,864698,23.76,400,Ask
SZ.000001,2021-05-19 09:30:50.550,864739,23.76,200,Ask
SZ.000001,2021-05-19 09:30:50.550,864742,23.76,200,Ask
SZ.000001,2021-05-19 09:30:50.550,864762,23.76,200,Ask
SZ.000001,2021-05-19 09:30:50.570,864805,23.76,200,Ask
SZ.000001,2021-05-19 09:30:50.570,864811,23.76,800,Ask
SZ.000001,2021-05-19 09:30:50.830,865811,23.7,200,Bid
SZ.000001,2021-05-19 09:30:50.970,866296,23.76,1000,Bid
SZ.000001,2021-05-19 09:30:50.970,866310,23.78,200,Bid
SZ.000001,2021-05-19 09:30:51.060,866844,23.77,4600,Bid
SZ.000001,2021-05-19 09:30:51.070,866877,23.76,500,Ask
SZ.000001,2021-05-19 09:30:51.090,867014,23.76,1100,Ask
SZ.000001,2021-05-19 09:30:51.160,867359,24.39,1000,Ask
SZ.000001,2021-05-19 09:30:51.190,867429,23.77,600,Bid
SZ.000001,2021-05-19 09:30:51.200,867491,23.77,300,Bid
SZ.000001,2021-05-19 09:30:51.230,867602,23.76,1700,Ask
SZ.000001,2021-05-19 09:30:51.300,867977,26.29,100,Ask
SZ.000001,2021-05-19 09:30:51.430,868586,23.77,11900,Bid
SZ.000001,2021-05-19 09:30:51.480,868791,23.77,1600,Ask
SZ.000001,2021-05-19 09:30:51.540,869091,23.78,200,Ask
SZ.000001,2021-05-19 09:30:51.600,869428,23.77,100,Ask
SZ.000001,2021-05-19 09:30:51.650,869721,23.6,1000,Bid
SZ.000001,2021-05-19 09:30:51.700,869985,23.74,100,Ask
SZ.000001,2021-05-19 09:30:51.800,870493,23.7,200,Ask
SZ.000001,2021-05-19 09:30:51.860,870839,23.96,4000,Ask
SZ.000001,2021-05-19 09:30:51.860,870851,23.73,100,Bid
SZ.000001,2021-05-19 09:30:51.890,871057,23.27,500,Bid
SZ.000001,2021-05-19 09:30:52.230,873301,23.77,200,Ask
SZ.000001,2021-05-19 09:30:52.260,873521,23.68,100,Bid
SZ.000001,2021-05-19 09:30:52.280,873611,23.64,600,Bid
SZ.000001,2021-05-19 09:30:52.310,873746,23.73,300,Ask
SZ.000001,2021-05-19 09:30:52.490,874784,24.47,2000,Ask
SZ.000001,2021-05-19 09:30:52.530,874956,23.62,200,Bid
SZ.000001,2021-05-19 09:30:52.700,875677,23.66,300,Ask
SZ.000001,2021-05-19 09:30:52.710,875730,23.66,300,Ask
SZ.000001,2021-05-19 09:30:52.720,875761,23.71,300,Ask
SZ.000001,2021-05-19 09:30:52.900,876453,23.72,7800,Ask
SZ.000001,2021-05-19 09:30:52.900,876478,23.73,100,Bid
SZ.000001,2021-05-19 09:30:53.430,878550,23.68,200,Bid
SZ.000001,2021-05-19 09:30:53.470,878699,23.75,300,Bid
SZ.000001,2021-05-19 09:30:53.560,879068,23.76,400,Ask
SZ.000001,2021-05-19 09:30:53.640,879370,24.9,100,Ask
SZ.000001,2021-05-19 09:30:53.710,879640,23.7,42700,Ask
SZ.000001,2021-05-19 09:30:53.770,879850,23.73,400,Bid
SZ.000001,2021-05-19 09:30:53.980,880612,21.6,200,Bid
SZ.000001,2021-05-19 09:30:54.020,880780,23.65,1500,Ask
SZ.000001,2021-05-19 09:30:54.120,881314,23.7,1500,Ask
SZ.000001,2021-05-19 09:30:54.120,881357,24.0,1000,Ask
SZ.000001,2021-05-19 09:30:54.200,881756,23.71,1300,Ask
SZ.000001,2021-05-19 09:30:54.620,883431,24.05,200,Ask
SZ.000001,2021-05-19 09:30:54.620,883435,23.33,200,Bid
SZ.000001,2021-05-19 09:30:54.680,883703,23.65,3600,Ask
SZ.000001,2021-05-19 09:30:54.960,885214,23.65,3600,Ask
SZ.000001,2021-05-19 09:30:54.970,885288,23.4,100,Bid
SZ.000001,2021-05-19 09:30:55.060,885778,23.73,500,Bid
SZ.000001,2021-05-19 09:30:55.120,886175,23.67,200,Bid
SZ.000001,2021-05-19 09:30:55.130,886308,24.2,1000,Ask
SZ.000001,2021-05-19 09:30:55.370,887693,23.78,1100,Bid
SZ.000001,2021-05-19 09:30:55.380,887711,23.78,400,Ask
SZ.000001,2021-05-19 09:30:55.530,888561,22.2,600,Bid
SZ.000001,2021-05-19 09:30:55.570,888769,23.76,400,Ask
SZ.000001,2021-05-19 09:30:55.570,888783,23.68,100,Ask
SZ.000001,2021-05-19 09:30:55.620,889045,23.68,700,Bid
SZ.000001,2021-05-19 09:30:55.710,889404,23.63,500,Ask
SZ.000001,2021-05-19 09:30:55.710,889406,23.63,500,Ask
SZ.000001,2021-05-19 09:30:55.740,889609,23.78,1800,Ask
SZ.000001,2021-05-19 09:30:55.920,890469,23.73,600,Bid
SZ.000001,2021-05-19 09:30:55.930,890522,23.5,1000,Bid
SZ.000001,2021-05-19 09:30:56.000,890759,23.71,200,Ask
SZ.000001,2021-05-19 09:30:56.280,892030,23.0,200,Bid
SZ.000001,2021-05-19 09:30:56.520,892926,26.0,400,Ask
SZ.000001,2021-05-19 09:30:56.810,894034,23.51,1000,Bid
SZ.000001,2021-05-19 09:30:56.910,894411,23.76,2000,Ask
SZ.000001,2021-05-19 09:30:56.950,894628,23.0,200,Bid
SZ.000001,2021-05-19 09:30:57.070,895191,23.68,500,Ask
SZ.000001,2021-05-19 09:30:57.110,895403,23.68,1100,Ask
SZ.000001,2021-05-19 09:30:57.150,895590,23.76,3500,Ask
SZ.000001,2021-05-19 09:30:57.430,896531,24.39,500,Ask
SZ.000001,2021-05-19 09:30:57.510,896789,23.68,100,Bid
SZ.000001,2021-05-19 09:30:57.510,896791,23.68,500,Bid
SZ.000001,2021-05-19 09:30:57.510,896801,23.68,100,Bid
SZ.000001,2021-05-19 09:30:57.540,896945,23.7,500,Bid
SZ.000001,2021-05-19 09:30:57.650,897399,24.16,1000,Ask
SZ.000001,2021-05-19 09:30:57.790,898055,23.71,1600,Ask
SZ.000001,2021-05-19 09:30:57.830,898268,26.29,600,Ask
SZ.000001,2021-05-19 09:30:58.130,899913,23.66,200,Bid
SZ.000001,2021-05-19 09:30:58.410,901470,23.71,300,Bid
SZ.000001,2021-05-19 09:30:58.450,901682,23.69,400,Bid
SZ.000001,2021-05-19 09:30:58.600,902313,23.72,400,Ask
SZ.000001,2021-05-19 09:30:58.730,902733,23.61,100,Ask
SZ.000001,2021-05-19 09:30:58.730,902763,23.69,300,Ask
SZ.000001,2021-05-19 09:30:58.780,902938,23.69,300,Ask
SZ.000001,2021-05-19 09:30:58.820,903114,23.61,100,Ask
SZ.000001,2021-05-19 09:30:58.930,903523,23.68,100,Bid
SZ.000001,2021-05-19 09:30:59.150,904428,23.68,200,Ask
SZ.000001,2021-05-19 09:30:59.240,904742,23.66,2900,Bid
SZ.000001,2021-05-19 09:30:59.340,905026,23.7,2000,Bid
SZ.000001,2021-05-19 09:30:59.380,905156,23.71,400,Ask
SZ.000001,2021-05-19 09:30:59.510,905668,24.38,300,Ask
SZ.000001,2021-05-19 09:30:59.540,905781,23.68,100,Ask
SZ.000001,2021-05-19 09:30:59.710,906378,23.68,600,Ask
SZ.000001,2021-05-19 09:30:59.930,907199,23.66,300,Bid
SZ.000001,2021-05-19 09:30:59.970,907328,23.66,5000,Bid
SZ.000001,2021-05-19 09:31:00.020,907613,23.68,400,Ask
SZ.000001,2021-05-19 09:31:00.090,908083,24.3,3500,Ask
SZ.000001,2021-05-19 09:31:00.420,909757,22.32,100,Bid
SZ.000001,2021-05-19 09:31:00.510,910271,23.68,300,Ask
SZ.000001,2021-05-19 09:31:00.510,910277,23.68,200,Ask
SZ.000001,2021-05-19 09:31:00.510,910278,23.68,300,Ask
SZ.000001,2021-05-19 09:31:00.510,910279,23.68,100,Ask
SZ.000001,2021-05-19 09:31:00.510,910282,23.68,100,Ask
SZ.000001,2021-05-19 09:31:00.510,910283,23.68,100,Ask
SZ.000001,2021-05-19 09:31:00.510,910284,23.68,300,Ask
SZ.000001,2021-05-19 09:31:00.510,910288,23.68,300,Ask
SZ.000001,2021-05-19 09:31:00.520,910294,23.68,200,Ask
SZ.000001,2021-05-19 09:31:00.520,910315,23.68,300,Ask
SZ.000001,2021-05-19 09:31:00.520,910337,23.68,100,Ask
SZ.000001,2021-05-19 09:31:00.520,910342,23.68,300,Ask
SZ.000001,2021-05-19 09:31:00.520,910350,23.68,300,Ask
SZ.000001,2021-05-19 09:31:00.520,910351,23.68,100,Ask
SZ.000001,2021-05-19 09:31:00.520,910353,23.68,200,Ask
SZ.000001,2021-05-19 09:31:00.520,910357,23.68,200,Ask
SZ.000001,2021-05-19 09:31:00.520,910358,23.68,300,Ask
SZ.000001,2021-05-19 09:31:00.520,910362,23.68,100,Ask
SZ.000001,2021-05-19 09:31:00.520,910366,23.68,200,Ask
SZ.000001,2021-05-19 09:31:00.530,910376,23.68,100,Ask
SZ.000001,2021-05-19 09:31:00.530,910378,23.68,100,Ask
SZ.000001,2021-05-19 09:31:00.530,910387,23.68,300,Ask
SZ.000001,2021-05-19 09:31:00.530,910389,23.68,300,Ask
SZ.000001,2021-05-19 09:31:00.530,910402,23.68,100,Ask
SZ.000001,2021-05-19 09:31:00.530,910404,23.68,300,Ask
SZ.000001,2021-05-19 09:31:00.530,910440,23.68,100,Ask
SZ.000001,2021-05-19 09:31:00.530,910452,23.68,100,Ask
SZ.000001,2021-05-19 09:31:00.530,910453,23.68,200,Ask
SZ.000001,2021-05-19 09:31:00.530,910456,23.68,300,Ask
SZ.000001,2021-05-19 09:31:00.530,910460,23.68,100,Ask
SZ.000001,2021-05-19 09:31:00.530,910469,23.68,100,Ask
SZ.000001,2021-05-19 09:31:00.540,910485,23.68,100,Ask
SZ.000001,2021-05-19 09:31:00.540,910517,23.68,300,Ask
SZ.000001,2021-05-19 09:31:00.590,910786,23.68,100,Ask
SZ.000001,2021-05-19 09:31:00.680,911328,23.66,200,Ask
SZ.000001,2021-05-19 09:31:00.700,911432,23.66,800,Ask
SZ.000001,2021-05-19 09:31:00.730,911790,23.63,2100,Ask
SZ.000001,2021-05-19 09:31:00.740,911824,23.64,1000,Ask
SZ.000001,2021-05-19 09:31:00.750,911978,23.66,700,Ask
SZ.000001,2021-05-19 09:31:00.800,912461,23.64,2000,Ask
SZ.000001,2021-05-19 09:31:00.870,913126,24.48,500,Ask
SZ.000001,2021-05-19 09:31:00.940,913685,23.69,100,Ask
SZ.000001,2021-05-19 09:31:00.940,913692,23.7,500,Bid
SZ.000001,2021-05-19 09:31:00.990,913967,23.72,100,Bid
SZ.000001,2021-05-19 09:31:01.060,914756,23.5,200,Ask
SZ.000001,2021-05-19 09:31:01.070,914780,23.66,400,Ask
SZ.000001,2021-05-19 09:31:01.070,914790,23.66,800,Ask
SZ.000001,2021-05-19 09:31:01.070,914792,23.66,700,Ask
SZ.000001,2021-05-19 09:31:01.300,917049,23.28,300,Bid
SZ.000001,2021-05-19 09:31:01.380,917803,23.66,700,Ask
SZ.000001,2021-05-19 09:31:01.380,917833,21.66,20000,Bid
SZ.000001,2021-05-19 09:31:01.680,919802,23.65,400,Bid
SZ.000001,2021-05-19 09:31:01.750,920213,23.61,4900,Ask
SZ.000001,2021-05-19 09:31:01.990,921437,24.28,2000,Ask
SZ.000001,2021-05-19 09:31:02.040,921679,21.52,200,Bid
SZ.000001,2021-05-19 09:31:02.370,923278,23.68,500,Bid
SZ.000001,2021-05-19 09:31:02.420,923510,23.25,200,Bid
SZ.000001,2021-05-19 09:31:02.470,923883,23.66,200,Ask
SZ.000001,2021-05-19 09:31:02.570,924494,23.68,400,Bid
SZ.000001,2021-05-19 09:31:02.790,925845,23.68,1300,Bid
SZ.000001,2021-05-19 09:31:03.040,926964,23.67,800,Ask
SZ.000001,2021-05-19 09:31:03.210,927920,23.68,4800,Bid
SZ.000001,2021-05-19 09:31:03.440,929088,25.58,500,Ask
SZ.000001,2021-05-19 09:31:03.450,929227,23.68,400,Bid
SZ.000001,2021-05-19 09:31:03.470,929310,23.68,600,Bid
SZ.000001,2021-05-19 09:31:03.470,929314,23.67,800,Ask
SZ.000001,2021-05-19 09:31:03.590,929875,23.68,14300,Bid
SZ.000001,2021-05-19 09:31:03.860,931712,23.68,300,Bid
SZ.000001,2021-05-19 09:31:04.090,933792,23.66,100,Bid
SZ.000001,2021-05-19 09:31:04.140,934199,26.19,14500,Ask
SZ.000001,2021-05-19 09:31:04.360,935985,23.7,500,Bid
SZ.000001,2021-05-19 09:31:04.720,938270,23.61,200,Ask
SZ.000001,2021-05-19 09:31:04.730,938301,23.68,300,Ask
SZ.000001,2021-05-19 09:31:04.730,938335,23.61,200,Ask
SZ.000001,2021-05-19 09:31:04.760,938446,22.0,500,Bid
SZ.000001,2021-05-19 09:31:04.800,938621,23.63,1000,Bid
SZ.000001,2021-05-19 09:31:04.800,938662,23.66,20000,Ask
SZ.000001,2021-05-19 09:31:04.810,938728,23.66,300,Bid
SZ.000001,2021-05-19 09:31:04.810,938739,23.67,1500,Ask
SZ.000001,2021-05-19 09:31:04.830,938793,23.62,100,Ask
SZ.000001,2021-05-19 09:31:04.860,938969,23.66,1200,Bid
SZ.000001,2021-05-19 09:31:04.860,939002,23.62,100,Ask
SZ.000001,2021-05-19 09:31:04.910,939214,23.62,100,Ask
SZ.000001,2021-05-19 09:31:04.940,939375,23.65,2800,Ask
SZ.000001,2021-05-19 09:31:04.950,939413,23.55,1000,Bid
SZ.000001,2021-05-19 09:31:05.020,939980,24.4,500,Ask
SZ.000001,2021-05-19 09:31:05.050,940170,23.67,100,Bid
SZ.000001,2021-05-19 09:31:05.180,940910,23.7,4400,Bid
SZ.000001,2021-05-19 09:31:05.700,943466,23.68,100,Bid
SZ.000001,2021-05-19 09:31:05.790,943854,23.67,2500,Ask
SZ.000001,2021-05-19 09:31:05.830,943980,23.67,1000,Bid
SZ.000001,2021-05-19 09:31:05.960,944494,23.67,200,Ask
SZ.000001,2021-05-19 09:31:06.120,945379,26.19,14500,Ask
SZ.000001,2021-05-19 09:31:06.440,946938,23.67,200,Ask
SZ.000001,2021-05-19 09:31:06.530,947514,23.67,500,Bid
SZ.000001,2021-05-19 09:31:06.700,948781,23.77,200,Ask
SZ.000001,2021-05-19 09:31:07.010,950729,24.5,500,Ask
SZ.000001,2021-05-19 09:31:07.260,952714,23.63,1000,Bid
SZ.000001,2021-05-19 09:31:07.710,956256,23.6,400,Ask
SZ.000001,2021-05-19 09:31:07.720,956288,23.6,400,Ask
SZ.000001,2021-05-19 09:31:07.960,957452,21.63,100,Bid
SZ.000001,2021-05-19 09:31:08.030,957977,23.63,900,Bid
SZ.000001,2021-05-19 09:31:08.140,958728,26.19,14500,Ask
SZ.000001,2021-05-19 09:31:08.500,960443,23.66,100,Ask
SZ.000001,2021-05-19 09:31:08.590,960786,24.09,3000,Ask
SZ.000001,2021-05-19 09:31:08.690,961268,21.63,100,Bid
SZ.000001,2021-05-19 09:31:08.880,962136,23.68,100,Bid
SZ.000001,2021-05-19 09:31:08.980,962647,23.66,1000,Ask
SZ.000001,2021-05-19 09:31:09.170,963766,23.2,100,Bid
SZ.000001,2021-05-19 09:31:09.440,965139,23.63,7800,Ask
SZ.000001,2021-05-19 09:31:09.480,965397,23.68,500,Bid
SZ.000001,2021-05-19 09:31:09.540,965683,23.66,400,Ask
SZ.000001,2021-05-19 09:31:09.550,965748,23.66,800,Ask
SZ.000001,2021-05-19 09:31:09.660,966350,23.68,1900,Bid
SZ.000001,2021-05-19 09:31:09.720,966661,23.65,900,Ask
SZ.000001,2021-05-19 09:31:09.820,967401,23.66,1000,Ask
SZ.000001,2021-05-19 09:31:10.140,969893,23.67,500,Bid
SZ.000001,2021-05-19 09:31:10.160,970059,26.19,14500,Ask
SZ.000001,2021-05-19 09:31:10.170,970161,23.66,2300,Ask
SZ.000001,2021-05-19 09:31:10.180,970225,23.7,200,Ask
SZ.000001,2021-05-19 09:31:10.220,970586,23.35,500,Bid
SZ.000001,2021-05-19 09:31:10.330,971554,23.67,300,Bid
SZ.000001,2021-05-19 09:31:10.760,974212,23.69,400,Bid
SZ.000001,2021-05-19 09:31:10.760,974225,23.69,300,Ask
SZ.000001,2021-05-19 09:31:10.810,974431,23.69,300,Ask
SZ.000001,2021-05-19 09:31:10.870,974733,23.4,1000,Bid
SZ.000001,2021-05-19 09:31:11.050,975681,23.65,100,Ask
SZ.000001,2021-05-19 09:31:11.060,975731,23.5,8000,Bid
SZ.000001,2021-05-19 09:31:11.150,976355,22.8,300,Bid
SZ.000001,2021-05-19 09:31:11.170,976436,23.58,4200,Bid
SZ.000001,2021-05-19 09:31:11.180,976462,23.65,300,Ask
SZ.000001,2021-05-19 09:31:11.320,977185,23.46,500,Bid
SZ.000001,2021-05-19 09:31:11.320,977204,23.6,100,Bid
SZ.000001,2021-05-19 09:31:11.370,977544,23.93,500,Ask
SZ.000001,2021-05-19 09:31:11.380,977589,23.6,4800,Ask
SZ.000001,2021-05-19 09:31:11.390,977607,23.65,300,Ask
SZ.000001,2021-05-19 09:31:11.400,977742,23.65,400,Ask
SZ.000001,2021-05-19 09:31:11.400,977743,23.65,500,Ask
SZ.000001,2021-05-19 09:31:11.410,977803,23.68,300,Bid
SZ.000001,2021-05-19 09:31:11.880,979796,23.67,300,Bid
SZ.000001,2021-05-19 09:31:12.000,980278,23.6,5000,Ask
SZ.000001,2021-05-19 09:31:12.160,981056,26.19,14500,Ask
SZ.000001,2021-05-19 09:31:12.180,981147,23.67,500,Bid
SZ.000001,2021-05-19 09:31:12.290,981658,22.01,500,Bid
SZ.000001,2021-05-19 09:31:12.420,982285,23.72,2000,Bid
SZ.000001,2021-05-19 09:31:12.430,982296,23.72,400,Ask
SZ.000001,2021-05-19 09:31:12.530,982688,23.65,1600,Ask
SZ.000001,2021-05-19 09:31:12.530,982689,23.65,600,Ask
SZ.000001,2021-05-19 09:31:12.530,982690,23.65,600,Ask
SZ.000001,2021-05-19 09:31:12.530,982695,23.65,200,Ask
SZ.000001,2021-05-19 09:31:12.530,982709,23.65,1200,Ask
SZ.000001,2021-05-19 09:31:12.540,982760,23.65,900,Ask
SZ.000001,2021-05-19 09:31:12.560,982881,23.64,200,Ask
SZ.000001,2021-05-19 09:31:12.630,983233,23.67,9400,Bid
SZ.000001,2021-05-19 09:31:12.640,983272,23.68,300,Ask
SZ.000001,2021-05-19 09:31:12.640,983279,23.67,100,Ask
SZ.000001,2021-05-19 09:31:12.650,983353,23.67,100,Ask
SZ.000001,2021-05-19 09:31:12.660,983398,23.67,100,Ask
SZ.000001,2021-05-19 09:31:12.660,983432,23.67,100,Ask
SZ.000001,2021-05-19 09:31:12.670,983454,23.67,100,Ask
SZ.000001,2021-05-19 09:31:12.670,983484,23.67,100,Ask
SZ.000001,2021-05-19 09:31:12.810,984406,23.66,100,Bid
SZ.000001,2021-05-19 09:31:12.810,984481,23.68,100,Ask
SZ.000001,2021-05-19 09:31:12.860,984799,23.67,200,Ask
SZ.000001,2021-05-19 09:31:12.880,984948,23.67,300,Ask
SZ.000001,2021-05-19 09:31:13.010,985763,23.64,200,Ask
SZ.000001,2021-05-19 09:31:13.110,986783,23.68,100,Ask
SZ.000001,2021-05-19 09:31:13.370,988732,24.28,1000,Ask
SZ.000001,2021-05-19 09:31:13.380,988807,23.67,200,Ask
SZ.000001,2021-05-19 09:31:13.460,989518,23.77,1200,Ask
SZ.000001,2021-05-19 09:31:13.670,990591,23.68,500,Bid
SZ.000001,2021-05-19 09:31:13.690,990661,24.4,200,Ask
SZ.000001,2021-05-19 09:31:13.740,990934,23.58,200,Ask
SZ.000001,2021-05-19 09:31:13.740,990936,23.58,200,Ask
SZ.000001,2021-05-19 09:31:13.840,991387,23.5,10000,Bid
SZ.000001,2021-05-19 09:31:13.880,991573,24.5,300,Ask
SZ.000001,2021-05-19 09:31:13.950,991989,23.46,1500,Ask
SZ.000001,2021-05-19 09:31:13.950,992007,23.46,2500,Bid
SZ.000001,2021-05-19 09:31:13.960,992052,23.69,200,Ask
SZ.000001,2021-05-19 09:31:13.960,992053,23.69,200,Ask
SZ.000001,2021-05-19 09:31:14.010,992250,23.69,300,Ask
SZ.000001,2021-05-19 09:31:14.010,992252,23.69,200,Ask
SZ.000001,2021-05-19 09:31:14.010,992267,23.46,4500,Ask
SZ.000001,2021-05-19 09:31:14.010,992299,23.46,2500,Bid
SZ.000001,2021-05-19 09:31:14.010,992301,21.63,100,Bid
SZ.000001,2021-05-19 09:31:14.080,992805,23.6,500,Bid
SZ.000001,2021-05-19 09:31:14.120,993013,24.2,1700,Ask
SZ.000001,2021-05-19 09:31:14.160,993127,23.65,500,Bid
SZ.000001,2021-05-19 09:31:14.180,993198,26.19,14600,Ask
SZ.000001,2021-05-19 09:31:14.190,993271,23.46,1500,Ask
SZ.000001,2021-05-19 09:31:14.200,993323,23.46,2500,Bid
SZ.000001,2021-05-19 09:31:14.340,994001,23.66,400,Bid
SZ.000001,2021-05-19 09:31:14.340,994023,23.66,600,Ask
SZ.000001,2021-05-19 09:31:14.350,994077,23.63,200,Bid
SZ.000001,2021-05-19 09:31:14.410,994347,23.6,1000,Bid
SZ.000001,2021-05-19 09:31:14.430,994469,23.63,100,Ask
SZ.000001,2021-05-19 09:31:14.490,994722,23.6,300,Bid
SZ.000001,2021-05-19 09:31:14.660,995427,23.65,1600,Ask
SZ.000001,2021-05-19 09:31:14.750,995801,23.5,1000,Bid
SZ.000001,2021-05-19 09:31:14.800,995936,23.5,100,Bid
SZ.000001,2021-05-19 09:31:14.860,996258,23.5,1000,Bid
SZ.000001,2021-05-19 09:31:14.940,996603,23.65,6000,Bid
SZ.000001,2021-05-19 09:31:15.070,997097,23.65,200,Bid
SZ.000001,2021-05-19 09:31:15.180,997595,23.2,400,Bid
SZ.000001,2021-05-19 09:31:15.180,997610,23.65,400,Bid
SZ.000001,2021-05-19 09:31:15.190,997624,23.65,100,Ask
SZ.000001,2021-05-19 09:31:15.190,997629,23.65,100,Bid
SZ.000001,2021-05-19 09:31:15.200,997672,23.65,700,Bid
SZ.000001,2021-05-19 09:31:15.240,997873,23.0,300,Bid
SZ.000001,2021-05-19 09:31:15.310,998230,23.65,15700,Bid
SZ.000001,2021-05-19 09:31:15.350,998383,23.7,1000,Bid
SZ.000001,2021-05-19 09:31:15.480,998898,23.98,1000,Ask
SZ.000001,2021-05-19 09:31:15.680,1000048,23.61,2000,Bid
SZ.000001,2021-05-19 09:31:15.910,1001821,23.66,3600,Bid
SZ.000001,2021-05-19 09:31:16.040,1002641,23.45,300,Bid
SZ.000001,2021-05-19 09:31:16.240,1004378,23.63,200,Ask
SZ.000001,2021-05-19 09:31:16.250,1004435,23.66,300,Ask
SZ.000001,2021-05-19 09:31:16.380,1005421,23.61,1000,Bid
SZ.000001,2021-05-19 09:31:16.430,1005817,23.63,400,Ask
SZ.000001,2021-05-19 09:31:16.700,1007290,23.6,200,Ask
SZ.000001,2021-05-19 09:31:16.700,1007310,23.6,200,Ask
SZ.000001,2021-05-19 09:31:16.720,1007385,23.63,40000,Ask
SZ.000001,2021-05-19 09:31:16.720,1007421,23.63,1300,Bid
SZ.000001,2021-05-19 09:31:16.730,1007436,23.63,1100,Bid
SZ.000001,2021-05-19 09:31:16.730,1007459,23.63,100,Bid
SZ.000001,2021-05-19 09:31:16.750,1007535,23.63,500,Bid
SZ.000001,2021-05-19 09:31:16.760,1007564,23.63,200,Bid
SZ.000001,2021-05-19 09:31:16.760,1007566,23.63,100,Bid
SZ.000001,2021-05-19 09:31:16.770,1007592,23.63,400,Bid
SZ.000001,2021-05-19 09:31:16.770,1007594,23.63,700,Bid
SZ.000001,2021-05-19 09:31:16.780,1007665,23.63,1200,Bid
SZ.000001,2021-05-19 09:31:16.780,1007679,23.63,100,Bid
SZ.000001,2021-05-19 09:31:16.780,1007681,23.63,100,Bid
SZ.000001,2021-05-19 09:31:16.790,1007694,23.63,400,Bid
SZ.000001,2021-05-19 09:31:16.850,1007962,23.63,100,Bid
SZ.000001,2021-05-19 09:31:16.850,1007981,23.63,2100,Bid
SZ.000001,2021-05-19 09:31:16.860,1007990,23.63,100,Bid
SZ.000001,2021-05-19 09:31:16.860,1007994,23.63,100,Bid
SZ.000001,2021-05-19 09:31:16.860,1007996,23.63,200,Bid
SZ.000001,2021-05-19 09:31:16.930,1008328,26.19,8900,Ask
SZ.000001,2021-05-19 09:31:17.080,1008991,23.65,100,Bid
SZ.000001,2021-05-19 09:31:17.090,1009036,23.65,100,Bid
SZ.000001,2021-05-19 09:31:17.130,1009194,23.63,100,Bid
SZ.000001,2021-05-19 09:31:17.520,1010936,23.66,1600,Ask
SZ.000001,2021-05-19 09:31:17.890,1012425,24.1,100,Ask
SZ.000001,2021-05-19 09:31:17.990,1012886,25.8,500,Ask
SZ.000001,2021-05-19 09:31:18.050,1013181,23.63,100,Ask
SZ.000001,2021-05-19 09:31:18.290,1014313,23.65,900,Ask
SZ.000001,2021-05-19 09:31:18.470,1015173,23.64,200,Bid
SZ.000001,2021-05-19 09:31:18.510,1015342,23.63,700,Bid
SZ.000001,2021-05-19 09:31:18.520,1015403,23.63,300,Bid
SZ.000001,2021-05-19 09:31:18.520,1015406,23.63,100,Bid
SZ.000001,2021-05-19 09:31:18.520,1015438,23.63,100,Bid
SZ.000001,2021-05-19 09:31:18.550,1015635,23.63,100,Bid
SZ.000001,2021-05-19 09:31:18.550,1015641,23.63,200,Bid
SZ.000001,2021-05-19 09:31:18.580,1015789,24.0,200,Ask
SZ.000001,2021-05-19 09:31:18.590,1015857,23.63,100,Bid
SZ.000001,2021-05-19 09:31:18.650,1016263,24.1,2400,Ask
SZ.000001,2021-05-19 09:31:18.670,1016351,23.63,100,Bid
SZ.000001,2021-05-19 09:31:18.820,1017493,23.3,100,Bid
SZ.000001,2021-05-19 09:31:18.900,1018063,26.19,9000,Ask
SZ.000001,2021-05-19 09:31:18.920,1018195,23.65,400,Bid
SZ.000001,2021-05-19 09:31:18.970,1018518,23.65,100,Ask
SZ.000001,2021-05-19 09:31:18.980,1018573,23.63,1500,Bid
SZ.000001,2021-05-19 09:31:19.370,1021627,23.63,1000,Ask
SZ.000001,2021-05-19 09:31:19.470,1022222,23.65,700,Bid
SZ.000001,2021-05-19 09:31:19.650,1023082,23.6,1000,Bid
SZ.000001,2021-05-19 09:31:19.670,1023138,23.63,300,Bid
SZ.000001,2021-05-19 09:31:19.700,1023250,23.57,400,Ask
SZ.000001,2021-05-19 09:31:19.710,1023283,23.57,400,Ask
SZ.000001,2021-05-19 09:31:19.740,1023422,23.62,19800,Bid
SZ.000001,2021-05-19 09:31:19.740,1023455,23.63,100,Bid
SZ.000001,2021-05-19 09:31:19.830,1023848,23.58,100,Ask
SZ.000001,2021-05-19 09:31:19.860,1023998,23.58,100,Ask
SZ.000001,2021-05-19 09:31:19.860,1024004,23.63,400,Bid
SZ.000001,2021-05-19 09:31:19.880,1024118,23.65,3000,Ask
SZ.000001,2021-05-19 09:31:19.900,1024194,23.58,100,Ask
SZ.000001,2021-05-19 09:31:19.950,1024442,23.88,100,Ask
SZ.000001,2021-05-19 09:31:20.060,1024899,23.32,1500,Ask
SZ.000001,2021-05-19 09:31:20.080,1025011,25.0,500,Ask
SZ.000001,2021-05-19 09:31:20.090,1025136,24.8,500,Ask
SZ.000001,2021-05-19 09:31:20.100,1025191,23.65,1000,Bid
SZ.000001,2021-05-19 09:31:20.440,1026749,22.65,100,Bid
SZ.000001,2021-05-19 09:31:20.650,1027604,23.32,3700,Ask
SZ.000001,2021-05-19 09:31:20.650,1027643,23.32,2500,Bid
SZ.000001,2021-05-19 09:31:20.690,1027992,23.32,500,Bid
SZ.000001,2021-05-19 09:31:20.690,1028008,23.65,200,Bid
SZ.000001,2021-05-19 09:31:20.740,1028250,23.58,2300,Ask
SZ.000001,2021-05-19 09:31:20.770,1028408,23.95,300,Ask
SZ.000001,2021-05-19 09:31:20.770,1028422,23.66,500,Bid
SZ.000001,2021-05-19 09:31:20.930,1029063,26.19,8900,Ask
SZ.000001,2021-05-19 09:31:21.160,1030170,23.41,200,Bid
SZ.000001,2021-05-19 09:31:21.500,1031628,24.22,200,Ask
